% Encoding: UTF-8
%% Begin copyright
%%
%%  /home/jrf/Documents/books/Books20/Docs/Bibliography/testbib.bib
%%
%%   Part of the Books20 Project
%%
%%   Copyright 2019 James R. Fowler
%%
%%   All rights reserved. No part of this publication may be
%%   reproduced, stored in a retrival system, or transmitted
%%   in any form or by any means, electronic, mechanical,
%%   photocopying, recording, or otherwise, without prior written
%%   permission of the author.
%%
%%
%% End copyright

@InCollection{Alexander2009,
  author    = {Alexander, Claudia and Carlson, Robert},
  title     = {The Exploration History of Europa},
  booktitle = {Europa},
  date      = {2009},
  pages     = {3-26},
  crossref  = {Pappalardo2009},
}

@InCollection{Canup2009,
  author    = {Canup, R. M. and Ward, R. M},
  title     = {Origin of Europa and the Galilean Satellites},
  booktitle = {Europa},
  date      = {2009},
  pages     = {59-84},
  crossref  = {Pappalardo2009},
}

@Collection{Pappalardo2009,
  editor    = {Pappalardo, Robert T. and McKinnon, William B.},
  title     = {Europa},
  date      = {2009},
  pagetotal = {727},
  series    = {Space Science Series},
  publisher = {University of Arizona Press},
}

@Book{Fowler1956,
  title     = {I am Born},
  author    = {Fowler, J. R.},
  date      = {1956},
  publisher = {Star Book Creation},
  address   = {New York}
}
  
@Book{Tebbel1972,
  title    = {The Creation of an Industry 1630-1865},
  date     = {1972},
  volume   = {1},
  crossref = {Tebbel},
}

@Book{Tebbel1975,
  title    = {The Expansion of an Industry 1865-1919},
  date     = {1975},
  volume   = {2},
  crossref = {Tebbel},
}

@Book{Tebbel1978,
  title    = {The Golden Age between Two Wars 1920-1940},
  date     = {1978},
  volume   = {3},
  crossref = {Tebbel},
}

@Book{Tebbel1981,
  title    = {The Great Change 1940-1980},
  date     = {1981},
  volume   = {4},
  crossref = {Tebbel},
}

@MvBook{Tebbel,
  author        = {Tebbel, John William},
  title         = {A History of Book Publishing in the United States},
  date          = {1972/1981},
  volumes       = {4},
  publisher     = {R. R. Bowker Co},
  address       = {New York},
  groups        = {Books Noted},
  lccn          = {Z473 T42},
  owner         = {jrf},
  related       = {Tebbel1972, Tebbel1975, Tebbel1978, Tebbel1981},
  relatedtype   = {multivolume},
  timestamp     = {2018-09-03},
}

@Book{book09,
  title        = {Book 9},
  author       = {Author, Nine},
  date         = {1971},
  series       = {An Amazing Series of Books},
  number       = {9},
  publisher    = {The Series Publishing Company},
}

@Book{book10,
  title        = {Book 10},
  author       = {Author, Ten},
  date         = {1975},
  series       = {An Amazing Series of Books},
  number       = {10},
  publisher    = {The Series Publishing Company},
}

@Online{Kime2019,
  author   = {Kime, Philip and Wemheuer, Moritz and Lehman, Philipp},
  title    = {The {\tt biblatex} Package},
  date     = {2019-08-17},
  url      = {http://mirrors.ibiblio.org/CTAN/macros/latex/contrib/biblatex/doc/biblatex.pdf},
  subtitle = {Programmable Bibliographies and Citations},
  version  = {3.13},
  urldate  = {2019-10-20},
}

@Online{isotime,
  author    = {Wikipedia},
  title     = {ISO 8601 Time},
  date      = {2020-02-19},
  url       = {https://en.wikipedia.org/wiki/ISO_8601},
  urldate   = {2017-12-15},
}

@Article{Yan2018,
  author       = { Yan, Hong-Liang and Shi, Jian-Rong},
  title        = {The nature of the lithium enrichment in the most Li-rich giant star},
  journaltitle = {Nature Astronomy},
  date         = {2018-10-01},
  volume       = {2},
  issue        = {10},
  pages        = {790-795},
  doi          = {https://doi-org/10.1038/s41550-018-0544-7},
}

@Misc{Smith1982,
  author  = {Smith, William J.},
  title   = {An Important Work},
  date    = {1982},
  howpublished = {privately published},
}

@Comment{jabref-meta: databaseType:biblatex;}
