%%
%%
%% references.tex
%%
%%   The appendix 'references' for
%%     the book "Some Important Books in Astronomy and
%%      Astrophysics in the 20th Century"
%%
%%   Copyright 2008 James R. Fowler
%%
%%   All rights reserved. No part of the publication may be
%%   reproduced, stored in a retrival system, or transmitted
%%   in any form or by any means, electronic, mechanical,
%%   photocopying, recording, or otherwise, without prior written
%%   permission of the author.
%% 
%%  Bibliographic entries are cited by \cite{lastname:year}
%%  and are listed here in alphabetical order by the citation name.
%%
%% The last known changes were checked in by $Author$
%% as revision $LastChangedRevision$
%% on $Date$
%%
%%
@BOOK{ aaa:1969,
  Title = {Astronomy and Astrophysics Abstracts},
  Publisher = {Astronomisches Rechen-Institut},
  Address = {Heidleberg},
  Year = {1970---},
  Annote = {Astronomical literature 1969-2000}
}

@BOOK{ ajr:1900,
  Title = {Astronomisher Jahresbericht},
  Publisher = {Druck und Verlag von Georg Reimer},
  Address = {Berlin},
  Year = {1900---1969},
  Annote = {Astronomical literature 1899---1968}
}

@BOOK{ casson:2001,
  Author = {Casson, Lionel},
  Title = {Libraries in the Ancient World},
  Publisher = {Yale University Press},
  Address = {New Haven},
  Year = {2001}
}

@BOOK{ clerke:1903,
  Author = {Clerke, Agnus M.},
  Title = {Problems in Astrophysics},
  Publisher = {Adam \& Charles Black},
  Address = {London},
  Year = {1903}
}

@BOOK{ devorkin:1982,
  Author = {DeVorkin, David H.},
  Title = {The History of Modern Astronomy and Astrophysics: A Selected,
Annotated Bibliography},
  Publisher = {Garland Publishing, Inc.},
  Address = {New York},
  Year = {1982},
  Annote = {A survey of historical publication in astronomy}
}


@BOOK{ dibner:1955,
  Author = {Dibner, Bern},
  Title = {Heralds of Science},
  Publisher = {Burndy Library and Smithsonian Institution},
  Year = {1955, 1980}
}

@BOOK{ frison:1899,
  Author = {Frison, Alfred},
  Title = {Recent Advances in Astronomy},
  Publisher = {Herbert S. Stone},
  Address = {Chicago},
  Year = {1899}
}

@BOOK{ gillispie:1970,
  Editor = {Gillispie, Charles Coulston},
  Title = {Dictionary of Scientific Biography},
  Publisher = {Scribner's},
  Address = {New York},
  Year = {1970}
}

@BOOK{ houzeau:1882,
  Author = {Houzeau, Jean-Charles and A.(Albert) Lancaster},
  Title = {Bibliographie g\'{e}n\'{e}rale de l'astronomie},
  Publisher = {F. Hayez},
  Address = {Bruxelles},
  Year = {1882-1889},
  Annote = {In two parts, Vol. 1 1882, 1887, Vol. 2 1889},
  Annote = {DeV:24},
  Annote = {A new edition was prepared by D.W. Dewhirst, Holland Press, Lond, 1964}
}

@BOOK{ kemp:1970,
  Author = {Kemp, D.~A.},
  Title = {Astronomy and Astrophysics: a bibliographical guide},
  Publisher = {MacDonald and Co.},
  Address = {London},
  Year = {1970},
  Annote = {DeV:28}
}

@BOOK{ lang:1978,
  Author = {Lang, K. and Owen Gingerich},
  Title = {A Source Book in Astronomy and Astrophysics: 1900-1975},
  Publisher = {Cambridge University Press},
  Address = {Cambridge},
  Year = {1978}
}

@BOOK{ manguel:2008,
  Author = {Manguel, Alberto},
  Title = {The Library at Night},
  Publisher = {Yale University Press},
  Address = {New Haven},
  Year = {2008},
  Annote = {First published in Canada in 2006 by Alfred A.\ Knopf}
}

@BOOK{ lalande:1803,
  Author = {de Lalande, J.J},
  Title = Bibliographie Astronomique},
  Publisher = {},
  Address = {Paris},
  Year = {1803}
  Annote = {Astronomical Literature from 480 B.C. to 1803 AD}
}

@BOOK{ manguel:1996,
  Author = {Manguel, Alberto},
  Title = {A History of Reading},
  Publisher = {Viking Penguin},
  Address = {New York},
  Year = {1996}
}
  
@BOOK{ shapley:1960,
  Editor = {Shapley, Harlow},
  Title = {Source Book in Astronomy: 1900-1950},
  Publisher = {Harvard University Press},
  Address = {Cambridge},
  Year = {1960}
}
  
@ARTICLE{1971JHA.....2..210W,
   author = {{Weiner}, C. and {Warnow}, J.~N.},
    title = "{Source materials for the recent history of astronomy and astrophysics: A checklist of manuscript collections in the United States.}",
  journal = {Journal for the History of Astronomy},
     year = 1971,
   volume = 2,
    pages = {210-218},
   adsurl = {http://adsabs.harvard.edu/abs/1971JHA.....2..210W},
  adsnote = {Provided by the SAO/NASA Astrophysics Data System}
}

  

%%
%% end of references.bib
%%
