% Encoding: ISO-8859-1
%% Begin copyright
%%
%%  /home/jrf/Documents/books/Books20/Docs/Style/localbib.bib
%%  
%%   Part of the Books20 Project
%%
%%   Copyright 2018 James R. Fowler
%%
%%   All rights reserved. No part of this publication may be
%%   reproduced, stored in a retrival system, or transmitted
%%   in any form or by any means, electronic, mechanical,
%%   photocopying, recording, or otherwise, without prior written
%%   permission of the author.
%%
%%
%% End copyright

@InCollection{Alexander2009,
  author    = {Alexander, Claudia and Carlson, Robert},
  title     = {The Exploration History of Europa},
  booktitle = {Europa},
  date      = {2009},
  pages     = {3-26},
  crossref  = {Pappalardo2009},
}

@InCollection{Canup2009,
  author    = {Canup, R. M. and Ward, R. M},
  title     = {Origin of Europa and the Galilean Satellites},
  booktitle = {Europa},
  date      = {2009},
  pages     = {59-84},
  crossref  = {Pappalardo2009},
}

@Collection{Pappalardo2009,
  editor    = {Pappalardo, Robert T. and McKinnon, William B.},
  title     = {Europa},
  date      = {2009},
  pagetotal = {727},
  series    = {Space Science Series},
  publisher = {University of Arizona Press},
}

@Book{Fowler1956,
  title     = {I am Born},
  author    = {Fowler, J. R.},
  date      = {1956},
  publisher = {Star Book Creation},
  address   = {New York}
}

@Book{book09,
  title        = {Book 9},
  author       = {Author, Nine},
  date         = {1971},
  series       = {An Amazing Series of Books},
  number       = {9},
  publisher    = {The Series Publishing Company},
}

@Book{book10,
  title        = {Book 10},
  author       = {Author, Ten},
  date         = {1975},
  series       = {An Amazing Series of Books},
  number       = {10},
  publisher    = {The Series Publishing Company},
}

@Online{Kime2019,
  author   = {Kime, Philip and Wemheuer, Moritz and Lehman, Philipp},
  title    = {The {\tt biblatex} Package},
  date     = {2019-08-17},
  url      = {http://mirrors.ibiblio.org/CTAN/macros/latex/contrib/biblatex/doc/biblatex.pdf},
  subtitle = {Programmable Bibliographies and Citations},
  version  = {3.13},
  urldate  = {2019-10-20},
}

@Article{Yan2018,
  author       = { Yan, Hong-Liang and Shi, Jian-Rong},
  title        = {The nature of the lithium enrichment in the most Li-rich giant star},
  journaltitle = {Nature Astronomy},
  date         = {2018-10-01},
  volume       = {2},
  issue        = {10},
  pages        = {790-795},
  doi          = {https://doi-org/10.1038/s41550-018-0544-7},
}

@Misc{Smith1982,
  author  = {Smith, William J.},
  title   = {An Important Work},
  date    = {1982},
  howpublished = {privately published},
}

@Online{Jeffrey2018,
  author    = {Jeffrey, Alan and Frank Mittlebach},
  title     = {inputenc.sty},
  date      = {2018-04-06},
  url       = {http://mirrors.ctan.org/macros/latex/base/inputenc.pdf},
  owner     = {jrf},
  timestamp = {2018-07-29},
  urldate   = {2018-07-28},
}

@Online{Lehman2018,
  author    = {Lehman, Phillipp},
  title     = {The biblatex Package},
  date      = {2018-03-01},
  url       = {https://mirrors.ctan.org//macros/latex/contrib/biblatex/doc/biblatex.pdf},
  owner     = {jrf},
  timestamp = {2018-07-29},
  urldate   = {2018-07-28},
}

@Online{Arseneau2009,
  author    = {Arseneau, Donald},
  title     = {The import Package},
  date      = {2009-03-23},
  url       = {http://mirrors.ctan.org/macros/latex/contrib/import/import.pdf},
  owner     = {jrf},
  timestamp = {2018-07-29},
  urldate   = {2018-07-29},
}

@Online{Carlisle2014,
  author    = {Carlisle, David},
  title     = {The longtable package},
  date      = {2014-10-28},
  url       = {http://mirrors.ctan.org/macros/latex/required/tools/longtable.pdf},
  owner     = {jrf},
  timestamp = {2018-07-29},
  urldate   = {2018-07-29},
}

@Online{Rahtz2017,
  author    = {Rahtz, Sebastion and Heiko Oberdick},
  title     = {Hypertext marks in \LaTeX: a manual for hyperref},
  year      = {2017},
  url       = {http://mirrors.ctan.org/macros/latex/contrib/hyperref/doc/manual.pdf},
  owner     = {jrf},
  timestamp = {2018-07-29},
  urldate   = {2018-07-29},  
}

@Online{sharelatex,
  author    = {Share Latex},
  title     = {Share \LaTeX\ Learn},
  url       = {https://www.sharelatex.com/learn/MainPage},
  owner     = {jrf},
  timestamp = {2018-07-29},
  urldate   = {2019-12-13},
}

@Online{isotime,
  title     = {ISO 8601 Time},
  url       = {https://en.wikipedia.org/wiki/ISO_8601},
  owner     = {jrf},
  timestamp = {2018-07-29},
  urldate   = {2020-02-20},
}

@Comment{jabref-meta: databaseType:biblatex;}
