% Encoding: UTF-8

@Article{Bessel1839,
  author  = {Bessel, Frederick W.},
  journal = {Astronomischer Nachrichten},
  date    = {1839},
  pages   = {64},
  volume  = {16},
}

@Article{Wollaston1802,
  author  = {Wollaston, William H.},
  journal = {Phil. Trans. R. S.},
  date    = {1802},
  pages   = {365},
  volume  = {92},
}

@Article{Fraunhofer1817,
  author  = {Fraunhofer,J.},
  journal = {Denkschr. Munchener Akad. Wiss.},
  year    = {1817},
  pages   = {193},
  volume  = {5},
}

@Article{Fraunhofer1823,
  author  = {Fraunhofer,J.},
  journal = {Gilberts Ann.},
  year    = {1823},
  pages   = {337},
  volume  = {74},
}

@Article{Kirchoff1861,
  author  = {Kirchoff, G.},
  journal = {Abh. Berliner Akad.},
  date    = {1861},
  pages   = {227},
  volume  = {62},
}

@Comment{jabref-meta: databaseType:biblatex;}
