% Encoding: ISO-8859-1

@Online{Jeffrey2018,
  author    = {Jeffrey, Alan and Frank Mittlebach},
  title     = {inputenc.sty},
  date      = {2018-04-06},
  url       = {http://mirrors.ctan.org/macros/latex/base/inputenc.pdf},
  owner     = {jrf},
  timestamp = {2018.07.29},
  urlseen   = {2018-07-28},
}

@Online{Lehman2018,
  author    = {Lehman, Phillipp},
  title     = {The biblatex Package},
  date      = {2018-03-01},
  url       = {https://mirrors.ctan.org//macros/latex/contrib/biblatex/doc/biblatex.pdf},
  owner     = {jrf},
  timestamp = {2018.07.29},
  urlseen   = {2018-07-28},
}

@Online{Arseneau2009,
  author    = {Arseneau, Donald},
  title     = {The import Package},
  date      = {2009-03-23},
  url       = {http://mirrors.ctan.org/macros/latex/contrib/import/import.pdf},
  owner     = {jrf},
  timestamp = {2018.07.29},
}

@Online{Carlisle2014,
  author    = {Carlisle, David},
  title     = {The longtable package},
  date      = {2014-10-28},
  url       = {http://mirrors.ctan.org/macros/latex/required/tools/longtable.pdf},
  owner     = {jrf},
  timestamp = {2018.07.29},
}

@Online{Rahtz2017,
  author    = {Rahtz, Sebastion and Heiko Oberdick},
  title     = {Hypertext marks in \LaTeX: a manual for hyperref},
  year      = {2017},
  url       = {http://mirrors.ctan.org/macros/latex/contrib/hyperref/doc/manual.pdf},
  owner     = {jrf},
  timestamp = {2018.07.29},
}

@Online{sharelatex,
  author    = {Share Latex},
  title     = {Share \LaTeX\ Learn},
  url       = {https://www.sharelatex.com/learn/MainPage},
  owner     = {jrf},
  timestamp = {2018.07.29},
}

@Online{isotime,
  title     = {ISO 8601 Time},
  url       = {https://en.wikipedia.org/wiki/ISO_8601},
  owner     = {jrf},
  timestamp = {2018.07.29},
}

@Comment{jabref-meta: databaseType:biblatex;}
