@InCollection{Mayfield1939,
  author    = {{Mayfield}, Mamie Birge and {Batchelder}, Paul M.},
  booktitle = {Contributions of the McDonald Observatory},
  publisher = {The University of Texas},
  title     = {William Johnson McDonald, 1844--1926},
  year      = {1939},
  number    = {1},
  series    = {Contributions of the McDonald Observatory},
}

@Book{Evans1986,
  author    = {{Evans}, David S. and {Mulholland}, J. Derral},
  publisher = {The University of Texas Press},
  title     = {Big and Bright: A History ofthge  McDonald Observatory},
  year      = {1986},
  isbn      = {0-292-70759-2},
  number    = {4},
  series    = {History of Science Series},
  ddcn      = {522'.19764'934},
  lccn      = {QB82.U62F674 1986},
}

@Comment{jabref-meta: databaseType:bibtex;}
