@article{doi:10.1063/1.2809785,
author = {Barnes,Thomas G.  and Bash,Frank N.  and Douglas,James N.  and Jefferys,William H.  and Craig Wheeler,J. },
title = {Harlan J. Smith},
journal = {Physics Today},
volume = {45},
number = {8},
pages = {83-83},
year = {1992},
doi = {10.1063/1.2809785},
URL = {https://doi.org/10.1063/1.2809785},
eprint = {https://doi.org/10.1063/1.2809785}
}


