@ARTICLE{1992JApA...13..145B,
       author = {{Barnes}, Thomas G.},
        title = "{Harlan j. smith 1924-1991}",
      journal = {Journal of Astrophysics and Astronomy},
         year = 1992,
        month = mar,
       volume = {13},
       number = {1},
        pages = {145-149},
          doi = {10.1007/BF02702247},
       adsurl = {https://ui.adsabs.harvard.edu/abs/1992JApA...13..145B},
      adsnote = {Provided by the SAO/NASA Astrophysics Data System}
}

