@ARTICLE{HJS1963,
       author = {{Smith}, Harlan J. and {Hoffleit}, Dorrit},
        title = "{Light Variations in the Superluminous Radio Galaxy 3C273}",
      journal = {Nature},
         year = 1963,
        month = may,
       volume = {198},
       number = {4881},
        pages = {650-651},
          doi = {10.1038/198650a0},
          url = {https://ui.adsabs.harvard.edu/abs/1963Natur.198..650S},
      adsnote = {Provided by the SAO/NASA Astrophysics Data System}
}

@ARTICLE{HJS1955,
       author = {{Smith}, H.~J.},
        title = "{Low-luminosity intrinsic variables with periods less than 0.2 day.}",
      journal = {Astronomical Journal},
         year = 1955,
        month = jun,
       volume = {60},
        pages = {179},
          doi = {10.1086/107208},
          url = {https://ui.adsabs.harvard.edu/abs/1955AJ.....60..179S},
      adsnote = {Provided by the SAO/NASA Astrophysics Data System}
}

@PHDTHESIS{HJSPhD,
       author = {{Smith}, Harlan James},
        title = "{Some investigations of short-period cluster-type variables}",
       school = {Harvard University, Massachusetts},
         year = 1955,
        month = jan,
          url = {https://ui.adsabs.harvard.edu/abs/1955PhDT........80S},
      adsnote = {Provided by the SAO/NASA Astrophysics Data System}
}

