@INPROCEEDINGS{1991AIPC..242..159B,
       author = {{Bell}, Lisa and {Bilby}, Curt and {Boyd}, John W. and {Davis}, George and {Korsmeyer}, David and {Mark}, Hans and {McCusker}, Todd and {O'Connor}, Brendan and {Pinon}, Elfego and {Frizzell}, Andrew and {Smith}, Harlan J.},
        title = "{The human exploration of the solar system}",
     keywords = {96.10.+i, 95.55.Pe, General, solar nebula, cosmogony, Lunar planetary and deep-space probes},
    booktitle = {Strong, weak, and electromagnetic interactions in Nuclei, Atoms, and AstroPhysics},
         year = 1991,
       series = {American Institute of Physics Conference Series},
       volume = {242},
        month = dec,
        pages = {159-216},
          doi = {10.1063/1.41451},
       adsurl = {https://ui.adsabs.harvard.edu/abs/1991AIPC..242..159B},
      adsnote = {Provided by the SAO/NASA Astrophysics Data System}
}

@ARTICLE{1991S&T....82Q.498M,
       author = {{Mumma}, M.~J. and {Smith}, H.~J.},
        title = "{Book-Review - Astrophysics from the Moon}",
      journal = {\skytel},
         year = 1991,
        month = nov,
       volume = {82},
        pages = {498},
       adsurl = {https://ui.adsabs.harvard.edu/abs/1991S&T....82Q.498M},
      adsnote = {Provided by the SAO/NASA Astrophysics Data System}
}

@MISC{1991plas.rept..111S,
       author = {{Smith}, Harlan J.},
        title = "{Planetary astronomy}",
     keywords = {Asteroids, Astrophysics, Moon, Project Planning, Research Management, Solar System, Cost Reduction, Lunar Bases, Planetary Atmospheres, Research Projects, Spaceborne Telescopes, Astronomy},
 howpublished = {In NASA, Washington, Reports of Planetary Astronomy, 1991 p 111-112 (SEE N92-12792 03-89)},
         year = 1991,
        month = oct,
        pages = {111-112},
       adsurl = {https://ui.adsabs.harvard.edu/abs/1991plas.rept..111S},
      adsnote = {Provided by the SAO/NASA Astrophysics Data System}
}

@INPROCEEDINGS{1991rnes.nasaR..19S,
       author = {{Smith}, Harlan J.},
        title = "{Industrial modification of the lunar atmosphere}",
     keywords = {Hydrogen, Lunar Atmosphere, Radio Astronomy, Regolith, Solar Wind, Lunar Rocks, Mining, Moon, Sinks, Very Low Frequencies, Lunar and Planetary Exploration},
    booktitle = {Resources of Near-Earth Space},
         year = 1991,
        month = jan,
        pages = {19},
       adsurl = {https://ui.adsabs.harvard.edu/abs/1991rnes.nasaR..19S},
      adsnote = {Provided by the SAO/NASA Astrophysics Data System}
}

@ARTICLE{1991STIA...9355603S,
       author = {{Smith}, Harlan J. and {Gurshtejn}, Aleksandr A. and {Mendell}, Wendell},
        title = "{International manned lunar base - Beginning the 21st century in space}",
      journal = {NASA STI/Recon Technical Report A},
     keywords = {International Cooperation, Lunar Bases, Manned Mars Missions, Manned Space Flight, Technological Forecasting, Cost Analysis, Lunar Landing, Solar System, Ground Support Systems and Facilities (Space)},
         year = 1991,
        month = jan,
       volume = {2},
        pages = {209-233},
       adsurl = {https://ui.adsabs.harvard.edu/abs/1991STIA...9355603S},
      adsnote = {Provided by the SAO/NASA Astrophysics Data System}
}

@ARTICLE{1991NYASA.647..642S,
       author = {{Smith}, H.~J.},
        title = "{Astrophysics from the moon.}",
      journal = {Annals of the New York Academy of Sciences},
         year = 1991,
        month = jan,
       volume = {647},
        pages = {642-648},
          doi = {10.1111/j.1749-6632.1991.tb32214.x},
       adsurl = {https://ui.adsabs.harvard.edu/abs/1991NYASA.647..642S},
      adsnote = {Provided by the SAO/NASA Astrophysics Data System}
}

@ARTICLE{1991NYASA.647..628S,
       author = {{Smith}, H.~J.},
        title = "{Summary: miniworkshops on space-based astrophysics.}",
      journal = {Annals of the New York Academy of Sciences},
         year = 1991,
        month = jan,
       volume = {647},
        pages = {628-634},
          doi = {10.1111/j.1749-6632.1991.tb32212.x},
       adsurl = {https://ui.adsabs.harvard.edu/abs/1991NYASA.647..628S},
      adsnote = {Provided by the SAO/NASA Astrophysics Data System}
}

@INPROCEEDINGS{1991ASPC...20....1S,
       author = {{Smith}, H.~J.},
        title = "{50 Years of McDonald Observatory}",
    booktitle = {Frontiers of Stellar Evolution},
         year = 1991,
       editor = {{Lambert}, David L.},
       series = {Astronomical Society of the Pacific Conference Series},
       volume = {20},
        month = jan,
        pages = {1},
       adsurl = {https://ui.adsabs.harvard.edu/abs/1991ASPC...20....1S},
      adsnote = {Provided by the SAO/NASA Astrophysics Data System}
}

@INPROCEEDINGS{1990AIPC..207..328S,
       author = {{Sykes}, M.~V. and {Vilas}, F. and {Page}, T.~L. and {Smith}, H.~J. and {Burns}, J.~O. and {Colavita}, M. and {Snyder}, G. and {Stern}, S.~A. and {Talent}, D.~L.},
        title = "{A plan for the development of lunar astronomy}",
     keywords = {Lunar Based Equipment, Lunar Observatories, Far Infrared Radiation, Interferometry, Lunar Environment, Lunar Far Side, Radio Antennas, Astronomy, 95.45.+i, 95.55.Cs, Observatories and site testing, Ground-based ultraviolet optical and infrared telescopes},
    booktitle = {Astrophysics from the Moon},
         year = 1990,
       editor = {{Mumma}, Michael J. and {Smith}, Harlan J.},
       series = {American Institute of Physics Conference Series},
       volume = {207},
        month = jul,
        pages = {328-336},
          doi = {10.1063/1.39341},
       adsurl = {https://ui.adsabs.harvard.edu/abs/1990AIPC..207..328S},
      adsnote = {Provided by the SAO/NASA Astrophysics Data System}
}

@INPROCEEDINGS{1990AIPC..207..273S,
       author = {{Smith}, Harlan J.},
        title = "{Some thoughts on astronomy from the moon}",
     keywords = {Astronomy, Lunar Based Equipment, Lunar Observatories, Cost Analysis, Lunar Far Side, Radiation Hazards, Sky Brightness, Solid Surfaces, Astronomy, 95.45.+i, 95.55.Cs, 95.55.Nd, Observatories and site testing, Ground-based ultraviolet optical and infrared telescopes},
    booktitle = {Astrophysics from the Moon},
         year = 1990,
       editor = {{Mumma}, Michael J. and {Smith}, Harlan J.},
       series = {American Institute of Physics Conference Series},
       volume = {207},
        month = jul,
        pages = {273-281},
          doi = {10.1063/1.39336},
       adsurl = {https://ui.adsabs.harvard.edu/abs/1990AIPC..207..273S},
      adsnote = {Provided by the SAO/NASA Astrophysics Data System}
}

@INPROCEEDINGS{1990LPI....21.1235T,
       author = {{Talent}, D.~L. and {Smith}, H.~J. and {Vilas}, F.},
        title = "{Lunar-Outpost Astronomy: A Scenario for Paced, High-Return Growth}",
     keywords = {Lunar Science},
    booktitle = {Lunar and Planetary Science Conference},
         year = 1990,
       series = {Lunar and Planetary Science Conference},
       volume = {21},
        month = mar,
        pages = {1235},
       adsurl = {https://ui.adsabs.harvard.edu/abs/1990LPI....21.1235T},
      adsnote = {Provided by the SAO/NASA Astrophysics Data System}
}

@INCOLLECTION{1990LNP...362...29S,
       author = {{Smith}, Harlan J.},
        title = "{Very Low Frequency Radio Astronomy from the Moon}",
     keywords = {Lunar Based Equipment, Lunar Observatories, Radio Astronomy, Very Low Frequencies, Antenna Arrays, Electromagnetic Interference, Astronomy},
    booktitle = {Low Frequency Astrophysics from Space},
         year = 1990,
       editor = {{Kassim}, Namir E. and {Weiler}, Kurt W.},
       volume = {362},
        pages = {29},
          doi = {10.1007/3-540-52891-1\_103},
       adsurl = {https://ui.adsabs.harvard.edu/abs/1990LNP...362...29S},
      adsnote = {Provided by the SAO/NASA Astrophysics Data System}
}

@INPROCEEDINGS{1990ASSL..166..365S,
       author = {{Smith}, Harlan J.},
        title = "{Lunar-Based Astronomy}",
     keywords = {Astronomical Observatories, Lunar Based Equipment, Lunar Environment, Spectroscopic Telescopes, Astrophysics, Iue, Lunar Bases, Spaceborne Astronomy, Astronomy},
    booktitle = {IAU Colloq. 123: Observatories in Earth Orbit and Beyond},
         year = 1990,
       editor = {{Kondo}, Yoji},
       series = {Astrophysics and Space Science Library},
       volume = {166},
        month = jan,
        pages = {365},
          doi = {10.1007/978-94-011-3454-5\_48},
       adsurl = {https://ui.adsabs.harvard.edu/abs/1990ASSL..166..365S},
      adsnote = {Provided by the SAO/NASA Astrophysics Data System}
}

@PROCEEDINGS{1990AIPC..207.....M,
        title = "{Astrophysics from the moon : Annapolis, Maryland, 1990}",
     keywords = {Astrophysics, Conferences, Lunar Observatories, Active Galaxies, Binary Stars, Extrasolar Planets, Galactic Structure, H Ii Regions, Lunar Based Equipment, Planetary Atmospheres, Planetary Systems, Pre-Main Sequence Stars, Project Seti, Solar Physics, Solar System, Stellar Envelopes, Stellar Evolution, Stellar Physics, Astronomy, SPACE ASTRONOMY, ASTROPHYSICS, MOON, CONFERENCES, ASTROPHYSICS: CONGRESSES, ASTROMETRY: CONGRESSES, SPACE ASTRONOMY: CONGRESSES, MOON: CONGRESSES},
    booktitle = {Astrophysics from the Moon},
         year = 1990,
       series = {American Institute of Physics Conference Series},
       volume = {207},
        month = jan,
       adsurl = {https://ui.adsabs.harvard.edu/abs/1990AIPC..207.....M},
      adsnote = {Provided by the SAO/NASA Astrophysics Data System}
}

@ARTICLE{1989Ap&SS.160..123S,
       author = {{Smith}, Harlan J.},
        title = "{A Decade of Cost-Reduction in Very Large Telescopes - the SST as Prototype of Special Purpose Telescopes}",
      journal = {\apss},
     keywords = {Astronomical Spectroscopy, Design Analysis, Telescopes, Aberration, Fiber Optics, Mirrors, Structural Design, Astronomy},
         year = 1989,
        month = oct,
       volume = {160},
       number = {1-2},
        pages = {123-134},
          doi = {10.1007/BF00642762},
       adsurl = {https://ui.adsabs.harvard.edu/abs/1989Ap&SS.160..123S},
      adsnote = {Provided by the SAO/NASA Astrophysics Data System}
}

@INCOLLECTION{1989gadv.book..331S,
       author = {{Smith}, Harlan J.},
        title = "{In the Lone Star State}",
    booktitle = {Gerard and Antoinette de Vaucouleurs: A life for Astronomy},
         year = 1989,
       editor = {{Capaccioli}, M. and {Corwin}, Harold G.},
       volume = {4},
        pages = {331},
       adsurl = {https://ui.adsabs.harvard.edu/abs/1989gadv.book..331S},
      adsnote = {Provided by the SAO/NASA Astrophysics Data System}
}

@INPROCEEDINGS{1988ESOC...30..907S,
       author = {{Smith}, H.~J. and {Barker}, E.~S.},
        title = "{Site, Weather, and Seeing Conditions for the SST}",
    booktitle = {Very Large Telescopes and their Instrumentation, Vol. 2},
         year = 1988,
       series = {European Southern Observatory Conference and Workshop Proceedings},
       volume = {30},
        month = oct,
        pages = {907},
       adsurl = {https://ui.adsabs.harvard.edu/abs/1988ESOC...30..907S},
      adsnote = {Provided by the SAO/NASA Astrophysics Data System}
}

@MISC{1988plas.rept..115S,
       author = {{Smith}, Harlan and {Cochran}, William and {Trafton}, Laurence and {Barker}, Edwin and {Cochran}, Anita},
        title = "{A continued program of planetary study}",
     keywords = {Astronomical Spectroscopy, Auroras, Charon, Halley'S Comet, Jupiter (Planet), Methane, Planetary Atmospheres, Pluto (Planet), Raman Spectra, Uranus (Planet), Aerosols, Emission, Ice, Ultraviolet Spectra, Lunar and Planetary Exploration},
 howpublished = {In NASA, Washington, Reports of Planetary Astronomy, p 115-116 (SEE N89-16624 08-89)},
         year = 1988,
        month = aug,
        pages = {115-116},
       adsurl = {https://ui.adsabs.harvard.edu/abs/1988plas.rept..115S},
      adsnote = {Provided by the SAO/NASA Astrophysics Data System}
}

@INPROCEEDINGS{1988faom.work..113D,
       author = {{Douglas}, James N. and {Smith}, Harlan J.},
        title = "{A Very Low Frequency Radio Astronomy Observatory on the Moon}",
     keywords = {MOON, ASTRONOMY, SCIENCE ASPECTS, SPACE, UTILIZATION, LUNAR BASE, FREQUENCIES, RADIO METHODS, WAVELENGTHS, EQUIPMENT, DESCRIPTION, DESIGN, SPECTRA, SCATTERING, TECHNICAL ASPECTS, Space Exploration, Astronomical Observatories, Lunar Bases, Lunar Far Side, Lunar Observatories, Radio Astronomy, Radio Telescopes, Interstellar Matter, Low Cost, Point Sources, Spectral Resolution, Very Low Frequencies, Astronomy},
    booktitle = {Future Astronomical Observatories on the Moon},
         year = 1988,
        month = mar,
        pages = {113-118},
       adsurl = {https://ui.adsabs.harvard.edu/abs/1988faom.work..113D},
      adsnote = {Provided by the SAO/NASA Astrophysics Data System}
}

@INPROCEEDINGS{1988faom.work...37S,
       author = {{Smith}, Harlan J.},
        title = "{Overview of Lunar-Based Astronomy}",
     keywords = {MOON, ASTRONOMY, SCIENCE ASPECTS, SPACE, UTILIZATION, LUNAR BASE, MANNED MISSIONS, SURFACE, GRAVITY EFFECTS, ATMOSPHERE, TERRAIN, DUST, PHYSICAL PROPERTIES, IONOSPHERE, Space Exploration, Astronomical Observatories, Lunar Bases, Lunar Environment, Lunar Observatories, Cost Analysis, Lunar Surface, Space Colonies, Time, Astronomy},
    booktitle = {Future Astronomical Observatories on the Moon},
         year = 1988,
        month = mar,
        pages = {37-42},
       adsurl = {https://ui.adsabs.harvard.edu/abs/1988faom.work...37S},
      adsnote = {Provided by the SAO/NASA Astrophysics Data System}
}

@ARTICLE{1988PhT....41g..92B,
       author = {{Bash}, F. and {Smith}, H.~J. and {Wheeler}, J.~C.},
        title = "{Antoinette de Vaucouleurs, 14 November 1921 - 29 August 1987.}",
      journal = {Physics Today},
         year = 1988,
        month = jan,
       volume = {41},
       number = {7},
        pages = {92},
          doi = {10.1063/1.2811515},
       adsurl = {https://ui.adsabs.harvard.edu/abs/1988PhT....41g..92B},
      adsnote = {Provided by the SAO/NASA Astrophysics Data System}
}

@INPROCEEDINGS{1988NASCP2489..113D,
       author = {{Douglas}, J.~N. and {Smith}, H.~J.},
        title = "{A very low frequency radio astronomy observatory on the Moon.}",
    booktitle = {NASA Conference Publication},
         year = 1988,
       series = {NASA Conference Publication},
       volume = {2489},
        month = jan,
        pages = {113-118},
       adsurl = {https://ui.adsabs.harvard.edu/abs/1988NASCP2489..113D},
      adsnote = {Provided by the SAO/NASA Astrophysics Data System}
}

@INPROCEEDINGS{1988NASCP2489...37S,
       author = {{Smith}, H.~J.},
        title = "{Overview of lunar-based astronomy.}",
    booktitle = {NASA Conference Publication},
         year = 1988,
       series = {NASA Conference Publication},
       volume = {2489},
        month = jan,
        pages = {37-42},
       adsurl = {https://ui.adsabs.harvard.edu/abs/1988NASCP2489...37S},
      adsnote = {Provided by the SAO/NASA Astrophysics Data System}
}

@INPROCEEDINGS{1988LPICo.652..226S,
       author = {{Smith}, H.~J.},
        title = "{Why the Moon is the Best Place in the Solar System from which to do Astronomy}",
    booktitle = {Second Conference on Lunar Bases and Space Activities of the 21st Century},
         year = 1988,
       series = {LPI Contributions},
       volume = {652},
        month = jan,
        pages = {226},
       adsurl = {https://ui.adsabs.harvard.edu/abs/1988LPICo.652..226S},
      adsnote = {Provided by the SAO/NASA Astrophysics Data System}
}

@INPROCEEDINGS{1987BAAS...19.1098B,
       author = {{Barker}, E.~S. and {Smith}, H.~J. and {Sneden}, C.},
        title = "{Comparison of the Proposed Site for the SST with Other Sites at McDonald Observatory}",
    booktitle = {Bulletin of the American Astronomical Society},
         year = 1987,
       volume = {19},
        month = sep,
        pages = {1098},
       adsurl = {https://ui.adsabs.harvard.edu/abs/1987BAAS...19.1098B},
      adsnote = {Provided by the SAO/NASA Astrophysics Data System}
}

@ARTICLE{1987S&T....74..151W,
       author = {{Weedman}, D.~W. and {Smith}, H.~J.},
        title = "{Book-Review - Quasar Astronomy}",
      journal = {\skytel},
         year = 1987,
        month = aug,
       volume = {74},
        pages = {151},
       adsurl = {https://ui.adsabs.harvard.edu/abs/1987S&T....74..151W},
      adsnote = {Provided by the SAO/NASA Astrophysics Data System}
}

@ARTICLE{1987S&T....74...27S,
       author = {{Smith}, H.~J.},
        title = "{Astronomy from the Moon}",
      journal = {\skytel},
         year = 1987,
        month = jul,
       volume = {74},
        pages = {27},
       adsurl = {https://ui.adsabs.harvard.edu/abs/1987S&T....74...27S},
      adsnote = {Provided by the SAO/NASA Astrophysics Data System}
}

@MISC{1986plas.rept...55S,
       author = {{Smith}, H.~J. and {Barker}, E.~S. and {Cochran}, W.~D. and {Trafton}, L.~M.},
        title = "{A continued program of planetary study at the University of Texas McDonald Observatory}",
     keywords = {Charon, Planetary Composition, Planetary Evolution, Planetary Structure, Pluto (Planet), Carbon Isotopes, Cometary Atmospheres, Cyanides, Eclipses, Giacobini-Zinner Comet, Halley'S Comet, Io, Methane, Astronomy},
 howpublished = {In NASA, Washington Reports of Planetary Astronomy, 1985  p 55-56 (SEE N87-12407 03-89)},
         year = 1986,
        month = sep,
        pages = {55-56},
       adsurl = {https://ui.adsabs.harvard.edu/abs/1986plas.rept...55S},
      adsnote = {Provided by the SAO/NASA Astrophysics Data System}
}

@ARTICLE{1986S&T....71..152A,
       author = {{Audouze}, J. and {Israel}, G. and {Smith}, H.~J.},
        title = "{Book-Review - the Cambridge Atlas of Astronomy}",
      journal = {\skytel},
         year = 1986,
        month = feb,
       volume = {71},
        pages = {152},
       adsurl = {https://ui.adsabs.harvard.edu/abs/1986S&T....71..152A},
      adsnote = {Provided by the SAO/NASA Astrophysics Data System}
}

@MISC{1986uta..reptQ....S,
       author = {{Smith}, H.~J.},
        title = "{Activities of the Department of Astronomy and McDonald Observatory of the University of Texas at Austin}",
     keywords = {Astronomical Observatories, Charon, Halley'S Comet, Io, Jupiter Satellites, Pluto (Planet), Uranus Atmosphere, Haze, Hydrogen, Radio Occultation, Variability, Voyager Project, Astronomy},
 howpublished = {Semiannual Report, 1 Jan. - 30 Jun. 1986 Texas Univ., Austin. Dept. of Astronomy.},
         year = 1986,
        month = jan,
       adsurl = {https://ui.adsabs.harvard.edu/abs/1986uta..reptQ....S},
      adsnote = {Provided by the SAO/NASA Astrophysics Data System}
}

@INPROCEEDINGS{1986daa..conf..141S,
       author = {{Smith}, H.~J.},
        title = "{Present and Planned Large Groundbased Telescopes: an Overview of some Computer and Data Analysis Applications Associated with their Use}",
    booktitle = {Data Analysis in Astronomy II},
         year = 1986,
       editor = {{di Gesu}, V.},
        month = jan,
        pages = {141},
       adsurl = {https://ui.adsabs.harvard.edu/abs/1986daa..conf..141S},
      adsnote = {Provided by the SAO/NASA Astrophysics Data System}
}

@INPROCEEDINGS{1986IAUS..119...87S,
       author = {{Smith}, H.~J. and {Angione}, R.~J.},
        title = "{Physical Interpretations from Quasar Light - 3c 273}",
    booktitle = {Quasars},
         year = 1986,
       editor = {{Swarup}, G. and {Kapahi}, V.~K.},
       volume = {119},
        month = jan,
        pages = {87},
       adsurl = {https://ui.adsabs.harvard.edu/abs/1986IAUS..119...87S},
      adsnote = {Provided by the SAO/NASA Astrophysics Data System}
}

@ARTICLE{1985AJ.....90.2474A,
       author = {{Angione}, R.~J. and {Smith}, H.~J.},
        title = "{3C 273 historical data base.}",
      journal = {\aj},
     keywords = {Astronomical Photometry, Data Bases, Quasars, Tables (Data), Light Curve, Periodic Variations, Power Spectra, Astronomy},
         year = 1985,
        month = dec,
       volume = {90},
        pages = {2474-2486},
          doi = {10.1086/113950},
       adsurl = {https://ui.adsabs.harvard.edu/abs/1985AJ.....90.2474A},
      adsnote = {Provided by the SAO/NASA Astrophysics Data System}
}

@INPROCEEDINGS{1985lbsa.conf..301D,
       author = {{Douglas}, J.~N. and {Smith}, H.~J.},
        title = "{A very low frequency radio astronomy observatory on the moon}",
     keywords = {Lunar Observatories, Lunar Surface, Radio Astronomy, Astronomical Observatories, Radio Frequency Interference, Radio Scattering, Radio Telescopes, Very Low Frequencies, Astronomy},
    booktitle = {Lunar Bases and Space Activities of the 21st Century},
         year = 1985,
       editor = {{Mendell}, W.~W.},
        month = jan,
        pages = {301-306},
       adsurl = {https://ui.adsabs.harvard.edu/abs/1985lbsa.conf..301D},
      adsnote = {Provided by the SAO/NASA Astrophysics Data System}
}

@MISC{1984STIN...8429842S,
       author = {{Smith}, H.~J.},
        title = "{NASA-Texas Planetary Program}",
     keywords = {Charge Coupled Devices, Comets, Photometry, Planets, Spectra, Spectrographs, Asteroids, Astronomy, Data Reduction, High Resolution, Iapetus, Jupiter (Planet), Neptune (Planet), Pluto (Planet), Research Management, Saturn (Planet), Saturn Rings, Spectrometers, Telescopes, Titan, Uranus (Planet), Astronomy},
         year = 1984,
        month = jun,
        pages = {29842},
       adsurl = {https://ui.adsabs.harvard.edu/abs/1984STIN...8429842S},
      adsnote = {Provided by the SAO/NASA Astrophysics Data System}
}

@INPROCEEDINGS{1984srca.conf...61S,
       author = {{Smith}, H.~J.},
        title = "{The eye of Texas - the 300-inch new Texas telescope.}",
     keywords = {Telescopes},
    booktitle = {Southwest Regional Conference for Astronomy and Astrophysics, 9},
         year = 1984,
       editor = {{Gott}, Preston F. and {Riherd}, Paul S.},
       volume = {9},
        month = jan,
        pages = {61-65},
       adsurl = {https://ui.adsabs.harvard.edu/abs/1984srca.conf...61S},
      adsnote = {Provided by the SAO/NASA Astrophysics Data System}
}

@PROCEEDINGS{1984ocmt.conf.....S,
        title = "{Optical conference on the 7.6-meter telescope}",
     keywords = {VERY LARGE TELESCOPES, TELESCOPE INSTRUMENTATION, CONFERENCES},
    booktitle = {Publications in Astronomy},
         year = 1984,
        month = jan,
       adsurl = {https://ui.adsabs.harvard.edu/abs/1984ocmt.conf.....S},
      adsnote = {Provided by the SAO/NASA Astrophysics Data System}
}

@ARTICLE{1984PAUTx..22.....S,
       author = {{Smith}, H.~J. and {Barnes}, T.~G., III and {Tull}, R.~G. and {Nather}, R.~E. and {Angel}, R. and {Meinel}, A. and {Macfarlane}, M. and {Brault}, J. and {Neugebauer}, G. and {Gillett}, F. and {Richardson}, E.~H.},
        title = "{Report of the optical conference on the 7.6-meter telescope held in Austin, Texas, March 22 - 24, 1982.}",
      journal = {University of Texas Publications in Astronomy},
         year = 1984,
        month = jan,
       volume = {22},
       adsurl = {https://ui.adsabs.harvard.edu/abs/1984PAUTx..22.....S},
      adsnote = {Provided by the SAO/NASA Astrophysics Data System}
}

@ARTICLE{1984NYASA.422..126S,
       author = {{Smith}, H.~J.},
        title = "{The 300-inch new Texas telescope.}",
      journal = {Annals of the New York Academy of Sciences},
     keywords = {Mirrors, Optical Equipment, Structural Design, Telescopes, Astronomical Observatories, Cost Reduction, Domes (Structural Forms), Space Observations (From Earth), Supports, Astronomy, Telescopes},
         year = 1984,
        month = jan,
       volume = {422},
        pages = {126-139},
          doi = {10.1111/j.1749-6632.1984.tb23347.x},
       adsurl = {https://ui.adsabs.harvard.edu/abs/1984NYASA.422..126S},
      adsnote = {Provided by the SAO/NASA Astrophysics Data System}
}

@INPROCEEDINGS{1983BAAS...15.1003S,
       author = {{Smith}, H.~J.},
        title = "{Status of the 300-Inch New Texas Telescope}",
    booktitle = {Bulletin of the American Astronomical Society},
         year = 1983,
       volume = {15},
        month = sep,
        pages = {1003},
       adsurl = {https://ui.adsabs.harvard.edu/abs/1983BAAS...15.1003S},
      adsnote = {Provided by the SAO/NASA Astrophysics Data System}
}

@ARTICLE{1983Sci...220..908S,
       author = {{Smith}, Harlan J.},
        title = "{Texas Telescope}",
      journal = {Science},
         year = 1983,
        month = may,
       volume = {220},
       number = {4600},
        pages = {908},
          doi = {10.1126/science.220.4600.908-b},
       adsurl = {https://ui.adsabs.harvard.edu/abs/1983Sci...220..908S},
      adsnote = {Provided by the SAO/NASA Astrophysics Data System}
}

@ARTICLE{1983Sci...220..846H,
       author = {{Smith}, Harlan J.},
        title = "{Life in the Universe: Extraterrestrials: Where are They?}",
      journal = {Science},
         year = 1983,
        month = may,
       volume = {220},
       number = {4599},
        pages = {846-847},
          doi = {10.1126/science.220.4599.846},
       adsurl = {https://ui.adsabs.harvard.edu/abs/1983Sci...220..846H},
      adsnote = {Provided by the SAO/NASA Astrophysics Data System}
}

@ARTICLE{1983SciN..124...75S,
       author = {{Smith}, H. and {Redmond}, C.},
        title = "{Telescopes on the Ground \& in the Air}",
      journal = {Science News},
         year = 1983,
        month = jan,
       volume = {124},
        pages = {75},
       adsurl = {https://ui.adsabs.harvard.edu/abs/1983SciN..124...75S},
      adsnote = {Provided by the SAO/NASA Astrophysics Data System}
}

@INPROCEEDINGS{1982SPIE..332..141W,
       author = {{Wray}, J.~D. and {Smith}, H.~J. and {Henize}, K.~G. and {Carruthers}, G.~R.},
        title = "{Space Schmidt telescope}",
     keywords = {Radiation Detectors, Reflecting Telescopes, Schmidt Telescopes, Spaceborne Telescopes, Ultraviolet Astronomy, Ultraviolet Telescopes, Cameras, Electronography, Far Ultraviolet Radiation, Focusing, Graphite-Epoxy Composites, Long Duration Space Flight, Magnetic Control, Optics, Pointing Control Systems, Radiation Shielding, Wide Angle Lenses, Astronomy},
    booktitle = {International Conference on Advanced Technology Optical Telescopes},
         year = 1982,
       editor = {{Burbidge}, G. and {Barr}, L.~D.},
       series = {Society of Photo-Optical Instrumentation Engineers (SPIE) Conference Series},
       volume = {332},
        month = oct,
        pages = {141-150},
          doi = {10.1117/12.933514},
       adsurl = {https://ui.adsabs.harvard.edu/abs/1982SPIE..332..141W},
      adsnote = {Provided by the SAO/NASA Astrophysics Data System}
}

@INPROCEEDINGS{1982SPIE..331..315C,
       author = {{Cochran}, W.~D. and {Smith}, H.~J. and {Smith}, W.~H.},
        title = "{Ultra-High Precision Radial Velocity Spectrometer}",
    booktitle = {Instrumentation in Astronomy IV},
         year = 1982,
       editor = {{Crawford}, David L.},
       series = {Society of Photo-Optical Instrumentation Engineers (SPIE) Conference Series},
       volume = {331},
        month = oct,
        pages = {315},
          doi = {10.1117/12.933472},
       adsurl = {https://ui.adsabs.harvard.edu/abs/1982SPIE..331..315C},
      adsnote = {Provided by the SAO/NASA Astrophysics Data System}
}

@MISC{1982uta..reptQ....B,
       author = {{Barker}, E.~S. and {Cochran}, W.~D. and {Smith}, H.~J.},
        title = "{Doppler line profiles measurement of the Jovian Lyman Alpha emission with OAO-C}",
     keywords = {Atmospheric Composition, Auroral Irradiation, Hydrogen, Jupiter Atmosphere, Lyman Alpha Radiation, Io, Oao 3, Saturn Atmosphere, Toroidal Plasmas, Ultraviolet Spectra, Voyager Project, Lunar and Planetary Exploration},
 howpublished = {Final Technical Report Texas Univ., Austin. Dept. of Astronomy.},
         year = 1982,
        month = jun,
       adsurl = {https://ui.adsabs.harvard.edu/abs/1982uta..reptQ....B},
      adsnote = {Provided by the SAO/NASA Astrophysics Data System}
}

@BOOK{1982raaa.book.....W,
       author = {{Wheeler}, J.~A. and {Bash}, F. and {Evans}, D.~S. and {vanden Bout}, P.~A. and {Douglas}, J.~N. and {Smith}, H.~J.},
        title = "{Research in astronomy and astrophysics at the University of Texas.}",
         year = 1982,
       volume = {7},
       adsurl = {https://ui.adsabs.harvard.edu/abs/1982raaa.book.....W},
      adsnote = {Provided by the SAO/NASA Astrophysics Data System}
}

@ARTICLE{1982NewSc..93..382S,
       author = {{Smith}, H.},
        title = "{The steady march of atomic time.}",
      journal = {New Scientist},
     keywords = {Time, Earth Rotation},
         year = 1982,
        month = jan,
       volume = {93},
        pages = {382-384},
       adsurl = {https://ui.adsabs.harvard.edu/abs/1982NewSc..93..382S},
      adsnote = {Provided by the SAO/NASA Astrophysics Data System}
}

@INPROCEEDINGS{1982BAAS...14R.494E,
       author = {{Evans}, D.~S. and {Smith}, H.~J. and {vanden Bout}, P.},
        title = "{University of Texas at Austin, Department of Astronomy, Austin, Texas 78712, McDonald Observatory, Fort Davis, Texas 79734. Report for the period 1 September 1980 - 31 August 1981.}",
     keywords = {Reports, Observatories, Institutes, Fort Davis, TX (USA)},
    booktitle = {Bulletin of the American Astronomical Society},
         year = 1982,
       volume = {14},
        month = jan,
        pages = {494-526},
       adsurl = {https://ui.adsabs.harvard.edu/abs/1982BAAS...14R.494E},
      adsnote = {Provided by the SAO/NASA Astrophysics Data System}
}

@INPROCEEDINGS{1982BAAS...14Q.494E,
       author = {{Evans}, D.~S. and {Smith}, H.~J. and {vanden Bout}, P.},
        title = "{University of Texas at Austin, Department of Astronomy, Austin, Texas 78712; McDonald Observatory, Fort Davis, Texas 79734. Report for the period 1 September 1980 - 31 August 1981.}",
     keywords = {Reports, Observatories, Institutes, Austin, TX (USA)},
    booktitle = {Bulletin of the American Astronomical Society},
         year = 1982,
       volume = {14},
        month = jan,
        pages = {494-526},
       adsurl = {https://ui.adsabs.harvard.edu/abs/1982BAAS...14Q.494E},
      adsnote = {Provided by the SAO/NASA Astrophysics Data System}
}

@INPROCEEDINGS{1981BAAS...13..733S,
       author = {{Slavsky}, D. and {Smith}, H.~J.},
        title = "{Further Evidence for Rotation Periods of Uranus and Neptune.}",
    booktitle = {Bulletin of the American Astronomical Society},
         year = 1981,
       volume = {13},
        month = jun,
        pages = {733},
       adsurl = {https://ui.adsabs.harvard.edu/abs/1981BAAS...13..733S},
      adsnote = {Provided by the SAO/NASA Astrophysics Data System}
}

@INPROCEEDINGS{1981raoa.conf...63S,
       author = {{Smith}, H.~J.},
        title = "{Some problems with planetary rotations}",
     keywords = {Astronomical Photometry, Neptune (Planet), Planetary Rotation, Planetology, Uranus (Planet), Astronomical Spectroscopy, Brightness, Methane, Lunar and Planetary Exploration},
    booktitle = {Recent Advances in Observational Astronomy},
         year = 1981,
       editor = {{Johnson}, H.~L. and {Allen}, C.},
        month = jan,
        pages = {63-69},
       adsurl = {https://ui.adsabs.harvard.edu/abs/1981raoa.conf...63S},
      adsnote = {Provided by the SAO/NASA Astrophysics Data System}
}

@INPROCEEDINGS{1981LPICo.449...53S,
       author = {{Smith}, H.~J. and {Smoluchowski}, R.},
        title = "{Hawaii as a consequence of an impact; Precipitation driven magma convection}",
    booktitle = {Large Body Impacts and Terrestrial Evolution: Geological, Climatological, and Biological Implications},
         year = 1981,
       series = {LPI Contributions},
       volume = {449},
        month = jan,
        pages = {53},
       adsurl = {https://ui.adsabs.harvard.edu/abs/1981LPICo.449...53S},
      adsnote = {Provided by the SAO/NASA Astrophysics Data System}
}

@INPROCEEDINGS{1981BAAS...13R.413E,
       author = {{Evans}, D.~S. and {Smith}, H.~J. and {vanden Bout}, P.~A.},
        title = "{University of Texas at Austin, Department of Astronomy, Austin, Texas 78712, McDonald Observatory, Fort Davis, Texas 79734. Report.}",
     keywords = {Reports, Observatories, Institutes, Fort Davis, TX (USA)},
    booktitle = {Bulletin of the American Astronomical Society},
         year = 1981,
       volume = {13},
        month = jan,
        pages = {413-444},
       adsurl = {https://ui.adsabs.harvard.edu/abs/1981BAAS...13R.413E},
      adsnote = {Provided by the SAO/NASA Astrophysics Data System}
}

@INPROCEEDINGS{1981BAAS...13Q.413E,
       author = {{Evans}, D.~S. and {Smith}, H.~J. and {vanden Bout}, P.~A.},
        title = "{University of Texas at Austin, Department of Astronomy, Austin, Texas 78712; McDonald Observatory, Fort Davis, Texas 79734. Report.}",
     keywords = {Reports, Observatories, Institutes, Austin, TX (USA)},
    booktitle = {Bulletin of the American Astronomical Society},
         year = 1981,
       volume = {13},
        month = jan,
        pages = {413-444},
       adsurl = {https://ui.adsabs.harvard.edu/abs/1981BAAS...13Q.413E},
      adsnote = {Provided by the SAO/NASA Astrophysics Data System}
}

@MISC{1980STIN...8111973B,
       author = {{Barker}, E.~S. and {Smith}, H.~J. and {Cochran}, A.~L.},
        title = "{Photometry, spectrophotometry and polarimetry of comet P/Encke during fall of 1979}",
     keywords = {Comets, Optical Activity, Photometry, Polarimetry, Spectrophotometry, Luminance, Photographic Measurement, Polarization (Waves), Transmittance, Lunar and Planetary Exploration},
         year = 1980,
        month = oct,
        pages = {11973},
       adsurl = {https://ui.adsabs.harvard.edu/abs/1980STIN...8111973B},
      adsnote = {Provided by the SAO/NASA Astrophysics Data System}
}

@INPROCEEDINGS{1980BAAS...12R.704S,
       author = {{Smith}, H.~J. and {Slavsky}, D.~B.},
        title = "{Further Evidence for the Longer Rotation Period of Neptune.}",
    booktitle = {Bulletin of the American Astronomical Society},
         year = 1980,
       volume = {12},
        month = jun,
        pages = {704},
       adsurl = {https://ui.adsabs.harvard.edu/abs/1980BAAS...12R.704S},
      adsnote = {Provided by the SAO/NASA Astrophysics Data System}
}

@INPROCEEDINGS{1980BAAS...12Q.704S,
       author = {{Slavsky}, D.~B. and {Smith}, H.~J.},
        title = "{The Rotational Period of Uranus.}",
    booktitle = {Bulletin of the American Astronomical Society},
         year = 1980,
       volume = {12},
        month = jun,
        pages = {704},
       adsurl = {https://ui.adsabs.harvard.edu/abs/1980BAAS...12Q.704S},
      adsnote = {Provided by the SAO/NASA Astrophysics Data System}
}

@INPROCEEDINGS{1980BAAS...12..378E,
       author = {{Evans}, D.~S. and {Smith}, H.~J. and {Vanden Bout}, P.~A.},
        title = "{Texas, University of}",
    booktitle = {Bulletin of the American Astronomical Society},
         year = 1980,
       volume = {12},
        month = jan,
        pages = {378},
       adsurl = {https://ui.adsabs.harvard.edu/abs/1980BAAS...12..378E},
      adsnote = {Provided by the SAO/NASA Astrophysics Data System}
}

@INPROCEEDINGS{1979BAAS...11..568S,
       author = {{Smith}, H.~J. and {Slavsky}, D.~B.},
        title = "{Rotation Period of Uranus.}",
    booktitle = {Bulletin of the American Astronomical Society},
         year = 1979,
       volume = {11},
        month = mar,
        pages = {568},
       adsurl = {https://ui.adsabs.harvard.edu/abs/1979BAAS...11..568S},
      adsnote = {Provided by the SAO/NASA Astrophysics Data System}
}

@INPROCEEDINGS{1979BAAS...11R.324E,
       author = {{Evans}, D.~S. and {Smith}, H.~J. and {vanden Bout}, P.},
        title = "{University of Texas at Austin, Astronomy Department, McDonald, UTRAO and Millimeter Observatories, Austin, Texas 78712. Report.}",
     keywords = {Reports, Observatories, Institutes, Austin, TX (USA), Fort Davis},
    booktitle = {Bulletin of the American Astronomical Society},
         year = 1979,
       volume = {11},
        month = jan,
        pages = {324-349},
       adsurl = {https://ui.adsabs.harvard.edu/abs/1979BAAS...11R.324E},
      adsnote = {Provided by the SAO/NASA Astrophysics Data System}
}

@INPROCEEDINGS{1979BAAS...11Q.324E,
       author = {{Evans}, D.~S. and {Smith}, H.~J. and {vanden Bout}, P.~A.},
        title = "{University of Texas at Austin, Astronomy Department, McDonald, UTRAO and Millimeter Observatories, Austin, Texas 78712. Report.}",
     keywords = {Reports, Observatories, Institutes, Austin, TX (USA)},
    booktitle = {Bulletin of the American Astronomical Society},
         year = 1979,
       volume = {11},
        month = jan,
        pages = {324-349},
       adsurl = {https://ui.adsabs.harvard.edu/abs/1979BAAS...11Q.324E},
      adsnote = {Provided by the SAO/NASA Astrophysics Data System}
}

@ARTICLE{1978ApJ...226L..49S,
       author = {{Slavsky}, D. and {Smith}, H.~J.},
        title = "{The rotation period of Neptune.}",
      journal = {\apjl},
     keywords = {Astronomical Photometry, Neptune (Planet), Planetary Rotation, Light Curve, Methane, Molecular Spectra, Planetary Atmospheres, Power Spectra, ROTATION, NEPTUNE, PHOTOMETRY, ATMOSPHERE, METHANE, LONGITUDE, OBSERVATIONS, SPECTRUM, WAVELENGTHS, PERIOD, Lunar and Planetary Exploration; Neptune, Neptune:Rotation},
         year = 1978,
        month = nov,
       volume = {226},
        pages = {L49-L52},
          doi = {10.1086/182828},
       adsurl = {https://ui.adsabs.harvard.edu/abs/1978ApJ...226L..49S},
      adsnote = {Provided by the SAO/NASA Astrophysics Data System}
}

@INPROCEEDINGS{1978BAAS...10R.577S,
       author = {{Smith}, H.~J. and {Slavsky}, D.},
        title = "{The Rotation Period of Neptune.}",
    booktitle = {Bulletin of the American Astronomical Society},
         year = 1978,
       volume = {10},
        month = jun,
        pages = {577},
       adsurl = {https://ui.adsabs.harvard.edu/abs/1978BAAS...10R.577S},
      adsnote = {Provided by the SAO/NASA Astrophysics Data System}
}

@INPROCEEDINGS{1978BAAS...10R.325E,
       author = {{Evans}, D.~S. and {Smith}, H.~J.},
        title = "{University of Texas at Austin, Astronomy Department, Austin, Texas; McDonald, UTRAO and Millimeter Observatories. Reports.}",
     keywords = {Reports, Observatories, Institutes, Fort Davis, TX (USA)},
    booktitle = {Bulletin of the American Astronomical Society},
         year = 1978,
       volume = {10},
        month = jan,
        pages = {325-352},
       adsurl = {https://ui.adsabs.harvard.edu/abs/1978BAAS...10R.325E},
      adsnote = {Provided by the SAO/NASA Astrophysics Data System}
}

@INPROCEEDINGS{1978BAAS...10Q.325E,
       author = {{Evans}, D.~S. and {Smith}, H.~J.},
        title = "{University of Texas at Austin, Astronomy Department, McDonald, UTRAO and Millimeter Observatories. Reports.}",
     keywords = {Reports, Observatories, Institutes, Austin, TX (USA)},
    booktitle = {Bulletin of the American Astronomical Society},
         year = 1978,
       volume = {10},
        month = jan,
        pages = {325-352},
       adsurl = {https://ui.adsabs.harvard.edu/abs/1978BAAS...10Q.325E},
      adsnote = {Provided by the SAO/NASA Astrophysics Data System}
}

@INPROCEEDINGS{1977BAAS....9..512S,
       author = {{Slavsky}, D. and {Smith}, H. and {Smith}, B. and {Africano}, J.},
        title = "{Rotation Period of Neptune.}",
    booktitle = {Bulletin of the American Astronomical Society},
         year = 1977,
       volume = {9},
        month = sep,
        pages = {512},
       adsurl = {https://ui.adsabs.harvard.edu/abs/1977BAAS....9..512S},
      adsnote = {Provided by the SAO/NASA Astrophysics Data System}
}

@INPROCEEDINGS{1977BAAS....9..472A,
       author = {{Avis}, C.~A. and {Smith}, H.~J. and {Bergstralh}, J.~T. and {Sandmann}, W.~H.},
        title = "{Photometric Determination of the Rotation Period of Uranus}",
    booktitle = {Bulletin of the American Astronomical Society},
         year = 1977,
       volume = {9},
        month = jun,
        pages = {472},
       adsurl = {https://ui.adsabs.harvard.edu/abs/1977BAAS....9..472A},
      adsnote = {Provided by the SAO/NASA Astrophysics Data System}
}

@INPROCEEDINGS{1977BAAS....9..400E,
       author = {{Evans}, D.~S. and {Smith}, H.~J.},
        title = "{University of Texas at Austin, Austin, Texas 78712. Observatory reports.}",
    booktitle = {Bulletin of the American Astronomical Society},
         year = 1977,
       volume = {9},
        month = mar,
        pages = {400-423},
       adsurl = {https://ui.adsabs.harvard.edu/abs/1977BAAS....9..400E},
      adsnote = {Provided by the SAO/NASA Astrophysics Data System}
}

@INPROCEEDINGS{1977srca.conf..195S,
       author = {{Smith}, H.~J.},
        title = "{The human uses of space.}",
     keywords = {Miscellanea, Philosophical Aspects, Extraterrestrial Life},
    booktitle = {Southwest Regional Conference for Astronomy and Astrophysics, 2},
         year = 1977,
       editor = {{Gott}, Preston F. and {Riherd}, Paul S.},
       volume = {3},
        month = jan,
        pages = {195-196},
       adsurl = {https://ui.adsabs.harvard.edu/abs/1977srca.conf..195S},
      adsnote = {Provided by the SAO/NASA Astrophysics Data System}
}

@ARTICLE{1976ApJ...209..330S,
       author = {{Solheim}, J. -E. and {Barnes}, T.~G., III and {Smith}, H.~J.},
        title = "{Observational evidence against a time variation in Planck's constant.}",
      journal = {\apj},
     keywords = {Cosmology, Photons, Plancks Constant, Quasars, Red Shift, Astronomical Models, Galaxies, Light Speed, Photomultiplier Tubes, Time Dependence, Astrophysics},
         year = 1976,
        month = oct,
       volume = {209},
        pages = {330-334},
          doi = {10.1086/154724},
       adsurl = {https://ui.adsabs.harvard.edu/abs/1976ApJ...209..330S},
      adsnote = {Provided by the SAO/NASA Astrophysics Data System}
}

@INPROCEEDINGS{1976BAAS....8..474A,
       author = {{Avis}, C.~C. and {Smith}, H.~J.},
        title = "{Albedo Features in a Methane Band on Uranus}",
    booktitle = {Bulletin of the American Astronomical Society},
         year = 1976,
       volume = {8},
        month = jun,
        pages = {474},
       adsurl = {https://ui.adsabs.harvard.edu/abs/1976BAAS....8..474A},
      adsnote = {Provided by the SAO/NASA Astrophysics Data System}
}

@ARTICLE{1976AJ.....81..452B,
       author = {{Brune}, R.~A., Jr. and {Cobb}, C.~L. and {Dewitt}, B.~S. and {Dewitt-Morette}, C. and {Evans}, D.~S. and {Floyd}, J.~E. and {Jones}, B.~F. and {Lazenby}, R.~V. and {Marin}, M. and {Matzner}, R.~A. and {Mikesell}, A.~H. and {Mikesell}, M.~R. and {Mitchell}, R.~I. and {Ryan}, M.~P. and {Smith}, H.~J. and {Sy}, A. and {Thompson}, C.~D.},
        title = "{Gravitational deflection of light: solar eclipse of 30 June 1973 I. Description of procedures and final result.}",
      journal = {\aj},
         year = 1976,
        month = jun,
       volume = {81},
        pages = {452-454},
       adsurl = {https://ui.adsabs.harvard.edu/abs/1976AJ.....81..452B},
      adsnote = {Provided by the SAO/NASA Astrophysics Data System}
}

@INPROCEEDINGS{1976BAAS....8..408E,
       author = {{Evans}, D.~S. and {Smith}, H.~J.},
        title = "{University of Texas, Department of Astronomy, Austin, Texas 78712. Observatory report.}",
    booktitle = {Bulletin of the American Astronomical Society},
         year = 1976,
       volume = {8},
        month = jan,
        pages = {408-425},
       adsurl = {https://ui.adsabs.harvard.edu/abs/1976BAAS....8..408E},
      adsnote = {Provided by the SAO/NASA Astrophysics Data System}
}

@ARTICLE{1975IAUC.2820....2W,
       author = {{Wills}, D. and {Smith}, H.~J.},
        title = "{Wild's Variable Object}",
      journal = {\iaucirc},
         year = 1975,
        month = aug,
       volume = {2820},
        pages = {2},
       adsurl = {https://ui.adsabs.harvard.edu/abs/1975IAUC.2820....2W},
      adsnote = {Provided by the SAO/NASA Astrophysics Data System}
}

@INPROCEEDINGS{1975BAAS....7..318S,
       author = {{Smith}, H.~J. and {Evans}, D.~S.},
        title = "{McDonald Observatory, University of Texas at Austin, Austin, Texas. Observatory report.}",
    booktitle = {Bulletin of the American Astronomical Society},
         year = 1975,
       volume = {7},
        month = mar,
        pages = {318-335},
       adsurl = {https://ui.adsabs.harvard.edu/abs/1975BAAS....7..318S},
      adsnote = {Provided by the SAO/NASA Astrophysics Data System}
}

@ARTICLE{1975Sci...187..598S,
       author = {{Smith}, Harlan J.},
        title = "{Water on Venus and Mars}",
      journal = {Science},
         year = 1975,
        month = feb,
       volume = {187},
       number = {4177},
        pages = {598,600},
          doi = {10.1126/science.187.4177.598-d},
       adsurl = {https://ui.adsabs.harvard.edu/abs/1975Sci...187..598S},
      adsnote = {Provided by the SAO/NASA Astrophysics Data System}
}

@ARTICLE{1975ApL....16..133C,
       author = {{Chincarini}, G.~L. and {Griboval}, P.~J. and {Smith}, H.~J.},
        title = "{Electrography and Astronomical Applications (Book Review)}",
      journal = {\aplett},
         year = 1975,
        month = feb,
       volume = {16},
        pages = {133},
       adsurl = {https://ui.adsabs.harvard.edu/abs/1975ApL....16..133C},
      adsnote = {Provided by the SAO/NASA Astrophysics Data System}
}

@INPROCEEDINGS{1974BAAS....6..493S,
       author = {{Smith}, H.~J.},
        title = "{Division for Planetary Sciences: 1973 - 1974. Annual report of AAS Division.}",
    booktitle = {Bulletin of the American Astronomical Society},
         year = 1974,
       volume = {6},
        month = sep,
        pages = {493-494},
       adsurl = {https://ui.adsabs.harvard.edu/abs/1974BAAS....6..493S},
      adsnote = {Provided by the SAO/NASA Astrophysics Data System}
}

@INPROCEEDINGS{1974lstn.conf...47S,
       author = {{Smith}, Harlan J.},
        title = "{Solar System Astronomy from the LST}",
    booktitle = {Large Space Telescope - A New Tool for Science},
         year = 1974,
       volume = {12},
        month = jan,
        pages = {47},
       adsurl = {https://ui.adsabs.harvard.edu/abs/1974lstn.conf...47S},
      adsnote = {Provided by the SAO/NASA Astrophysics Data System}
}

@PROCEEDINGS{1974eaa..conf.....C,
        title = "{Electrography and astronomical applications}",
     keywords = {Astronomical Photometry, Conferences, Electronography, Comets, Data Reduction, Electron Optics, Far Ultraviolet Radiation, Globular Clusters, Image Tubes, Metal Foils, Microinstrumentation, Optical Measuring Instruments, Photographic Plates, Stellar Spectrophotometry, Ubv Spectra, Variable Stars, Astronomy, ELECTRONOGRAPHIC CAMERAS, PHOTOMETRY, CONFERENCES},
    booktitle = {Electrography and Astronomical Applications},
         year = 1974,
        month = jan,
       adsurl = {https://ui.adsabs.harvard.edu/abs/1974eaa..conf.....C},
      adsnote = {Provided by the SAO/NASA Astrophysics Data System}
}

@INPROCEEDINGS{1972ailt.conf...55S,
       author = {{Smith}, H.~J.},
        title = "{Instrumentation and some principal programs of the McDonald Observatory 2.75-meter (107-inch) reflector.}",
    booktitle = {Auxiliary Instrumentation for Large Telescopes},
         year = 1972,
        month = jun,
        pages = {55-64},
       adsurl = {https://ui.adsabs.harvard.edu/abs/1972ailt.conf...55S},
      adsnote = {Provided by the SAO/NASA Astrophysics Data System}
}

@INPROCEEDINGS{1972IAUS...44..171A,
       author = {{Angione}, R.~J. and {Smith}, H.~J.},
        title = "{Optical Variability of Twenty-Two Quasi-Stellar Objects}",
    booktitle = {External Galaxies and Quasi-Stellar Objects},
         year = 1972,
       editor = {{Evans}, David Stanley and {Wills}, Derek and {Wills}, Beverley J.},
       volume = {44},
        month = jan,
        pages = {171},
       adsurl = {https://ui.adsabs.harvard.edu/abs/1972IAUS...44..171A},
      adsnote = {Provided by the SAO/NASA Astrophysics Data System}
}

@INPROCEEDINGS{1971BAAS....3..418S,
       author = {{Smith}, H.~J.},
        title = "{The Astronomy Department, The McDonald Observatory, and the Radio Astronomy Observatory (UTRAO) of the University of Texas at Austin.}",
    booktitle = {Bulletin of the American Astronomical Society},
         year = 1971,
       volume = {3},
        month = jun,
        pages = {418-432},
       adsurl = {https://ui.adsabs.harvard.edu/abs/1971BAAS....3..418S},
      adsnote = {Provided by the SAO/NASA Astrophysics Data System}
}

@INPROCEEDINGS{1971IAUS...40..403S,
       author = {{Smith}, H. and {Brunk}, W.~E. and {Kuiper}, G.},
        title = "{Remarks made at the scientific dedication of the 107-inch reflector, October 30, 1969.}",
    booktitle = {Planetary Atmospheres},
         year = 1971,
       editor = {{Sagan}, Carl and {Owen}, Tobias C. and {Smith}, Harlan J.},
       volume = {40},
        month = jan,
        pages = {403-408},
       adsurl = {https://ui.adsabs.harvard.edu/abs/1971IAUS...40..403S},
      adsnote = {Provided by the SAO/NASA Astrophysics Data System}
}

@PROCEEDINGS{1971IAUS...40.....S,
        title = "{Planetary atmospheres, proceedings from 40th IAU Symposium held in Marfa, Texas, Oct. 26-31, 1969.}",
     keywords = {PLANETS: ATMOSPHERES: CONGRESSES, PLANETS: ATMOSPHERES: CONGRESSES},
    booktitle = {Planetary Atmospheres},
         year = 1971,
       volume = {40},
        month = jan,
       adsurl = {https://ui.adsabs.harvard.edu/abs/1971IAUS...40.....S},
      adsnote = {Provided by the SAO/NASA Astrophysics Data System}
}

@ARTICLE{1970Icar...13...74Y,
       author = {{Young}, L.~D.~G. and {Schorn}, R.~A.~J. and {Smith}, Harlan J.},
        title = "{High-Dispersion Spectroscopic Observations of Venus. IX. The Carbon Dioxide Bands at 12030 {\r{A}} and 12177 {\r{A}}}",
      journal = {\icarus},
         year = 1970,
        month = jul,
       volume = {13},
       number = {1},
        pages = {74-81},
          doi = {10.1016/0019-1035(70)90118-1},
       adsurl = {https://ui.adsabs.harvard.edu/abs/1970Icar...13...74Y},
      adsnote = {Provided by the SAO/NASA Astrophysics Data System}
}

@ARTICLE{1970IAUC.2209....1S,
       author = {{Smith}, H.~J.},
        title = "{Report on the 2.7-Meter Reflector}",
      journal = {\iaucirc},
         year = 1970,
        month = feb,
       volume = {2209},
        pages = {1},
       adsurl = {https://ui.adsabs.harvard.edu/abs/1970IAUC.2209....1S},
      adsnote = {Provided by the SAO/NASA Astrophysics Data System}
}

@INPROCEEDINGS{1969tsra.conf..181S,
       author = {{Smith}, Harlan J.},
        title = "{Summary Remarks on Quasars}",
    booktitle = {Quasars and high-energy astronomy},
         year = 1969,
        month = jan,
        pages = {181},
       adsurl = {https://ui.adsabs.harvard.edu/abs/1969tsra.conf..181S},
      adsnote = {Provided by the SAO/NASA Astrophysics Data System}
}

@INPROCEEDINGS{1969tsra.conf..167S,
       author = {{Smith}, Harlan J.},
        title = "{Observed Characteristics of Quasars}",
    booktitle = {Quasars and high-energy astronomy},
         year = 1969,
        month = jan,
        pages = {167},
       adsurl = {https://ui.adsabs.harvard.edu/abs/1969tsra.conf..167S},
      adsnote = {Provided by the SAO/NASA Astrophysics Data System}
}

@ARTICLE{1968S&T....36..360S,
       author = {{Smith}, Harlan J.},
        title = "{McDonald Observatory's 107-inch Reflector}",
      journal = {\skytel},
         year = 1968,
        month = dec,
       volume = {36},
        pages = {360},
       adsurl = {https://ui.adsabs.harvard.edu/abs/1968S&T....36..360S},
      adsnote = {Provided by the SAO/NASA Astrophysics Data System}
}

@ARTICLE{1968AJ.....73..857S,
       author = {{Smith}, H. and {Weedman}, D. and {Morgan}, W.~W.},
        title = "{Proceedings of the Conference on Seyfert Galaxies and Related Objects: 11. Spectral Variations in the Nucleus of NGC 4151}",
      journal = {\aj},
         year = 1968,
        month = nov,
       volume = {73},
        pages = {857},
          doi = {10.1086/110716},
       adsurl = {https://ui.adsabs.harvard.edu/abs/1968AJ.....73..857S},
      adsnote = {Provided by the SAO/NASA Astrophysics Data System}
}

@INPROCEEDINGS{1968stla.conf..169S,
       author = {{Smith}, Harlan J.},
        title = "{McDonald 107-inch telescope}",
    booktitle = {Support and Testing of Large Astronomical Mirrors},
         year = 1968,
        month = jul,
        pages = {169},
       adsurl = {https://ui.adsabs.harvard.edu/abs/1968stla.conf..169S},
      adsnote = {Provided by the SAO/NASA Astrophysics Data System}
}

@ARTICLE{1968ApJ...152L.113M,
       author = {{Morgan}, W.~W. and {Smith}, Harlan J. and {Weedman}, Daniel},
        title = "{Spectral Variations in the Galaxy NGC 4151}",
      journal = {\apjl},
         year = 1968,
        month = may,
       volume = {152},
        pages = {L113},
          doi = {10.1086/180191},
       adsurl = {https://ui.adsabs.harvard.edu/abs/1968ApJ...152L.113M},
      adsnote = {Provided by the SAO/NASA Astrophysics Data System}
}

@INPROCEEDINGS{1968IAUS...29..256S,
       author = {{Smith}, H.},
        title = "{The refined history of brightness changes of 3C 273}",
    booktitle = {Non-stable Phenomena in Galaxies},
         year = 1968,
       volume = {29},
        month = jan,
        pages = {256},
       adsurl = {https://ui.adsabs.harvard.edu/abs/1968IAUS...29..256S},
      adsnote = {Provided by the SAO/NASA Astrophysics Data System}
}

@ARTICLE{1967AJ.....72R.829S,
       author = {{Smith}, Harlan J. and {Gray}, Louise and {Barker}, Edwin S. and {Schorn}, Ronald A.},
        title = "{Use of an Infrared ImageTube for High-Dispersion Planetary Spectroscopy.}",
      journal = {\aj},
         year = 1967,
        month = oct,
       volume = {72},
        pages = {829},
          doi = {10.1086/110517},
       adsurl = {https://ui.adsabs.harvard.edu/abs/1967AJ.....72R.829S},
      adsnote = {Provided by the SAO/NASA Astrophysics Data System}
}

@ARTICLE{1967ApJ...149L.137B,
       author = {{Bergstralh}, Jay T. and {Gray}, Louise D. and {Smith}, Harlan J.},
        title = "{An Upper Limit for Atmospheric Carbon Dioxide on Mercury}",
      journal = {\apjl},
         year = 1967,
        month = sep,
       volume = {149},
        pages = {L137},
          doi = {10.1086/180075},
       adsurl = {https://ui.adsabs.harvard.edu/abs/1967ApJ...149L.137B},
      adsnote = {Provided by the SAO/NASA Astrophysics Data System}
}

@ARTICLE{1967ApJ...148..885D,
       author = {{Douglas}, James N. and {Smith}, Harlan J.},
        title = "{Interplanetary Scintillation in Jovian Decametric Radiation}",
      journal = {\apj},
         year = 1967,
        month = jun,
       volume = {148},
        pages = {885},
          doi = {10.1086/149213},
       adsurl = {https://ui.adsabs.harvard.edu/abs/1967ApJ...148..885D},
      adsnote = {Provided by the SAO/NASA Astrophysics Data System}
}

@ARTICLE{1967ApJ...147..743S,
       author = {{Schorn}, Ronald A. and {Spinrad}, Hyron and {Moore}, Roger C. and {Smith}, Harlan J. and {Giver}, Lawrence P.},
        title = "{High-Dispersion Spectroscopic Observations of Mars. II. The Water-Vapor Variations}",
      journal = {\apj},
         year = 1967,
        month = feb,
       volume = {147},
        pages = {743},
          doi = {10.1086/149050},
       adsurl = {https://ui.adsabs.harvard.edu/abs/1967ApJ...147..743S},
      adsnote = {Provided by the SAO/NASA Astrophysics Data System}
}

@ARTICLE{1967AJ.....72Q.786B,
       author = {{Bergstralh}, Jay T. and {Smith}, Harlan J.},
        title = "{A Search for a CO2 Mercury Atmosphere.}",
      journal = {\aj},
         year = 1967,
        month = jan,
       volume = {72},
        pages = {786},
          doi = {10.1086/110425},
       adsurl = {https://ui.adsabs.harvard.edu/abs/1967AJ.....72Q.786B},
      adsnote = {Provided by the SAO/NASA Astrophysics Data System}
}

@ARTICLE{1966ApJ...146..331S,
       author = {{Spinrad}, Hyron and {Schorn}, Ronald A. and {Moore}, Roger and {Giver}, L.~P. and {Smith}, Harlan J.},
        title = "{High-Dispersion Spectroscopic Obervations of Mars. I. The CO\_\{2\} Content and Surface Pressure}",
      journal = {\apj},
         year = 1966,
        month = nov,
       volume = {146},
        pages = {331},
          doi = {10.1086/148897},
       adsurl = {https://ui.adsabs.harvard.edu/abs/1966ApJ...146..331S},
      adsnote = {Provided by the SAO/NASA Astrophysics Data System}
}

@ARTICLE{1966IAUTB..12..576S,
       author = {{Smith}, H.~J.},
        title = "{Light variations of quasi-stellar sources}",
      journal = {Transactions of the International Astronomical Union, Series B},
         year = 1966,
        month = jan,
       volume = {12B},
        pages = {576},
       adsurl = {https://ui.adsabs.harvard.edu/abs/1966IAUTB..12..576S},
      adsnote = {Provided by the SAO/NASA Astrophysics Data System}
}

@INPROCEEDINGS{1965qssg.conf..461S,
       author = {{Smith}, Harlan J. and {Hoffleit}, Dorrit},
        title = "{Light Variations in the Super-luminous Radio Galaxy 3C 273}",
    booktitle = {Quasi-Stellar Sources and Gravitational Collapse},
         year = 1965,
       editor = {{Robinson}, Ivor and {Schild}, Alfred and {Schucking}, E.~L.},
        month = jan,
        pages = {461},
       adsurl = {https://ui.adsabs.harvard.edu/abs/1965qssg.conf..461S},
      adsnote = {Provided by the SAO/NASA Astrophysics Data System}
}

@INPROCEEDINGS{1965qssg.conf..221S,
       author = {{Smith}, Harlan J.},
        title = "{Light Variations of 3c 273}",
    booktitle = {Quasi-Stellar Sources and Gravitational Collapse},
         year = 1965,
       editor = {{Robinson}, Ivor and {Schild}, Alfred and {Schucking}, E.~L.},
        month = jan,
        pages = {221},
       adsurl = {https://ui.adsabs.harvard.edu/abs/1965qssg.conf..221S},
      adsnote = {Provided by the SAO/NASA Astrophysics Data System}
}

@INCOLLECTION{1964NASSP..50....1S,
       author = {{Smith}, H.~J.},
        title = "{Solar Flares: Their Structure, Development, and Motion}",
    booktitle = {NASA Special Publication},
         year = 1964,
       volume = {50},
        pages = {1},
       adsurl = {https://ui.adsabs.harvard.edu/abs/1964NASSP..50....1S},
      adsnote = {Provided by the SAO/NASA Astrophysics Data System}
}

@ARTICLE{1963Natur.199.1080D,
       author = {{Douglas}, James N. and {Smith}, Harlan J.},
        title = "{Change in Rotation Period of Jupiter's Decameter Radio Sources}",
      journal = {\nat},
         year = 1963,
        month = sep,
       volume = {199},
       number = {4898},
        pages = {1080-1081},
          doi = {10.1038/1991080b0},
       adsurl = {https://ui.adsabs.harvard.edu/abs/1963Natur.199.1080D},
      adsnote = {Provided by the SAO/NASA Astrophysics Data System}
}

@ARTICLE{1963AJ.....68R..79S,
       author = {{Smith}, Harlan J. and {Rodman}, James P. and {Sloan}, William A.},
        title = "{On Jovian H{\ensuremath{\alpha}} Auroral Activity.}",
      journal = {\aj},
         year = 1963,
        month = sep,
       volume = {68},
        pages = {79},
          doi = {10.1086/109082},
       adsurl = {https://ui.adsabs.harvard.edu/abs/1963AJ.....68R..79S},
      adsnote = {Provided by the SAO/NASA Astrophysics Data System}
}

@ARTICLE{1963AJ.....68S.292S,
       author = {{Smith}, Harlan J. and {Hoffleit}, Dorrit},
        title = "{Light Variability and Nature of 3C273.}",
      journal = {\aj},
         year = 1963,
        month = jun,
       volume = {68},
        pages = {292},
          doi = {10.1086/109152},
       adsurl = {https://ui.adsabs.harvard.edu/abs/1963AJ.....68S.292S},
      adsnote = {Provided by the SAO/NASA Astrophysics Data System}
}

@ARTICLE{1963Natur.198..650S,
       author = {{Smith}, Harlan J. and {Hoffleit}, Dorrit},
        title = "{Light Variations in the Superluminous Radio Galaxy 3C273}",
      journal = {\nat},
         year = 1963,
        month = may,
       volume = {198},
       number = {4881},
        pages = {650-651},
          doi = {10.1038/198650a0},
       adsurl = {https://ui.adsabs.harvard.edu/abs/1963Natur.198..650S},
      adsnote = {Provided by the SAO/NASA Astrophysics Data System}
}

@ARTICLE{1963AJ.....68..163D,
       author = {{Douglas}, James N. and {Smith}, Harlan J.},
        title = "{Decarnetric radiation from Jupiter. I. Synoptic observations 1957-1961}",
      journal = {\aj},
         year = 1963,
        month = apr,
       volume = {68},
        pages = {163},
          doi = {10.1086/108934},
       adsurl = {https://ui.adsabs.harvard.edu/abs/1963AJ.....68..163D},
      adsnote = {Provided by the SAO/NASA Astrophysics Data System}
}

@ARTICLE{1963AJ.....68...39S,
       author = {{Smith}, H.~J.},
        title = "{FG Hydrae, a completely eclipsing W UMa variable.}",
      journal = {\aj},
         year = 1963,
        month = feb,
       volume = {68},
        pages = {39-44},
          doi = {10.1086/108907},
       adsurl = {https://ui.adsabs.harvard.edu/abs/1963AJ.....68...39S},
      adsnote = {Provided by the SAO/NASA Astrophysics Data System}
}

@INCOLLECTION{1963paa..book....1S,
       author = {{Smith}, Harlan J.},
        title = "{The Place of Photometry in Astronomy}",
    booktitle = {Photoelectric Astronomy for Amateurs},
         year = 1963,
        pages = {1},
       adsurl = {https://ui.adsabs.harvard.edu/abs/1963paa..book....1S},
      adsnote = {Provided by the SAO/NASA Astrophysics Data System}
}

@INPROCEEDINGS{1963LIACo..11..551D,
       author = {{Douglas}, J.~N. and {Smith}, H.~J.},
        title = "{Observations Bearing on the Mechanism of Jovian Decametric Emission}",
    booktitle = {Liege International Astrophysical Colloquia},
         year = 1963,
       series = {Liege International Astrophysical Colloquia},
       volume = {11},
        month = jan,
        pages = {551-562},
       adsurl = {https://ui.adsabs.harvard.edu/abs/1963LIACo..11..551D},
      adsnote = {Provided by the SAO/NASA Astrophysics Data System}
}

@ARTICLE{1962AJ.....67R.585R,
       author = {{Rodman}, James P. and {Smith}, Harlan J.},
        title = "{Photoelectric Comparison Spectrophotometer.}",
      journal = {\aj},
         year = 1962,
        month = jun,
       volume = {67},
        pages = {585},
          doi = {10.1086/108882},
       adsurl = {https://ui.adsabs.harvard.edu/abs/1962AJ.....67R.585R},
      adsnote = {Provided by the SAO/NASA Astrophysics Data System}
}

@ARTICLE{1962Sci...136Q.506S,
       author = {{Smith}, Harlan J.},
        title = "{Science Today Series. (General: Radio Astronomy)}",
      journal = {Science},
         year = 1962,
        month = may,
       volume = {136},
       number = {3515},
        pages = {506},
          doi = {10.1126/science.136.3515.506},
       adsurl = {https://ui.adsabs.harvard.edu/abs/1962Sci...136Q.506S},
      adsnote = {Provided by the SAO/NASA Astrophysics Data System}
}

@ARTICLE{1962AJ.....67R.120S,
       author = {{Smith}, Harlan J. and {Douglas}, James N.},
        title = "{Fine-Structure in Jovian Decametric Radio Noise.}",
      journal = {\aj},
         year = 1962,
        month = mar,
       volume = {67},
        pages = {120},
          doi = {10.1086/108854},
       adsurl = {https://ui.adsabs.harvard.edu/abs/1962AJ.....67R.120S},
      adsnote = {Provided by the SAO/NASA Astrophysics Data System}
}

@ARTICLE{1962AJ.....67S.586S,
       author = {{Smith}, Harlan J.},
        title = "{Longitude Effects in Jovian Decametric Radio Emission.}",
      journal = {\aj},
         year = 1962,
        month = jan,
       volume = {67},
        pages = {586},
          doi = {10.1086/108662},
       adsurl = {https://ui.adsabs.harvard.edu/abs/1962AJ.....67S.586S},
      adsnote = {Provided by the SAO/NASA Astrophysics Data System}
}

@ARTICLE{1961Natur.192..741D,
       author = {{Douglas}, James N. and {Smith}, Harlan J.},
        title = "{Presence and Correlation of Fine Structure in Jovian Decametric Radiation}",
      journal = {\nat},
         year = 1961,
        month = nov,
       volume = {192},
       number = {4804},
        pages = {741},
          doi = {10.1038/192741a0},
       adsurl = {https://ui.adsabs.harvard.edu/abs/1961Natur.192..741D},
      adsnote = {Provided by the SAO/NASA Astrophysics Data System}
}

@ARTICLE{1961PASP...73..292S,
       author = {{Smith}, Harlan J. and {Hoffleit}, Dorrit},
        title = "{Photographic History and Suggested Nature of the Radio Source 3C 48}",
      journal = {\pasp},
         year = 1961,
        month = oct,
       volume = {73},
       number = {434},
        pages = {292},
          doi = {10.1086/127682},
       adsurl = {https://ui.adsabs.harvard.edu/abs/1961PASP...73..292S},
      adsnote = {Provided by the SAO/NASA Astrophysics Data System}
}

@ARTICLE{1961AJ.....66R.295S,
       author = {{Smith}, Harlan J. and {Hoffleit}, Dorrit},
        title = "{Photographic History and Suggested Nature of the Radio Source 3C-48.}",
      journal = {\aj},
         year = 1961,
        month = mar,
       volume = {70},
        pages = {295},
          doi = {10.1086/108556},
       adsurl = {https://ui.adsabs.harvard.edu/abs/1961AJ.....66R.295S},
      adsnote = {Provided by the SAO/NASA Astrophysics Data System}
}

@ARTICLE{1960AJ.....65R.501S,
       author = {{Smith}, Harlan J. and {Lasker}, Barry M. and {Douglas}, James N.},
        title = "{Fine-Structure of Jupiter's 20-Megacycle Noise Storms.}",
      journal = {\aj},
         year = 1960,
        month = jan,
       volume = {65},
        pages = {501},
          doi = {10.1086/108333},
       adsurl = {https://ui.adsabs.harvard.edu/abs/1960AJ.....65R.501S},
      adsnote = {Provided by the SAO/NASA Astrophysics Data System}
}

@ARTICLE{1959AJ.....64...41S,
       author = {{Smith}, Harlan J.},
        title = "{Non-thermal solar system sources other than Jupiter}",
      journal = {\aj},
         year = 1959,
        month = mar,
       volume = {64},
        pages = {41},
          doi = {10.1086/107854},
       adsurl = {https://ui.adsabs.harvard.edu/abs/1959AJ.....64...41S},
      adsnote = {Provided by the SAO/NASA Astrophysics Data System}
}

@INPROCEEDINGS{1959IAUS....9...53S,
       author = {{Smith}, Harlan J. and {Douglas}, J.~N.},
        title = "{Observations of planetary non-thermal radiation}",
    booktitle = {URSI Symp. 1: Paris Symposium on Radio Astronomy},
         year = 1959,
       editor = {{Bracewell}, Ronald N.},
       volume = {9},
        month = jan,
        pages = {53},
       adsurl = {https://ui.adsabs.harvard.edu/abs/1959IAUS....9...53S},
      adsnote = {Provided by the SAO/NASA Astrophysics Data System}
}

@ARTICLE{1959ApJ...129..146J,
       author = {{Jefferies}, J.~T. and {Smith}, E.~V.~P. and {Smith}, H.~J.},
        title = "{The Flare of September 18, 1957.}",
      journal = {\apj},
         year = 1959,
        month = jan,
       volume = {129},
        pages = {146},
          doi = {10.1086/146602},
       adsurl = {https://ui.adsabs.harvard.edu/abs/1959ApJ...129..146J},
      adsnote = {Provided by the SAO/NASA Astrophysics Data System}
}

@ARTICLE{1958ApJ...127..591T,
       author = {{Tifft}, William G. and {Smith}, Harlan J.},
        title = "{T Sextantis, an RR Lyrae Star of Type ``c.''}",
      journal = {\apj},
         year = 1958,
        month = may,
       volume = {127},
        pages = {591},
          doi = {10.1086/146492},
       adsurl = {https://ui.adsabs.harvard.edu/abs/1958ApJ...127..591T},
      adsnote = {Provided by the SAO/NASA Astrophysics Data System}
}

@ARTICLE{1958AJ.....63...54T,
       author = {{Tifft}, W.~G. and {Smith}, H.~J.},
        title = "{T Sexantis, a RR Lyrae star of type C.}",
      journal = {\aj},
         year = 1958,
        month = feb,
       volume = {63},
        pages = {54-54},
          doi = {10.1086/107690},
       adsurl = {https://ui.adsabs.harvard.edu/abs/1958AJ.....63...54T},
      adsnote = {Provided by the SAO/NASA Astrophysics Data System}
}

@ARTICLE{1957AJ.....62..220S,
       author = {{Smith}, H.~J.},
        title = "{Photoelectric observations of 12 (DD) Lacertae.}",
      journal = {\aj},
         year = 1957,
        month = jan,
       volume = {62},
        pages = {220-222},
          doi = {10.1086/107522},
       adsurl = {https://ui.adsabs.harvard.edu/abs/1957AJ.....62..220S},
      adsnote = {Provided by the SAO/NASA Astrophysics Data System}
}

@ARTICLE{1955AJ.....60..180S,
       author = {{Smith}, H.~J.},
        title = "{Southern Wolf-Rayet stars.}",
      journal = {\aj},
         year = 1955,
        month = jun,
       volume = {60},
        pages = {180},
          doi = {10.1086/107209},
       adsurl = {https://ui.adsabs.harvard.edu/abs/1955AJ.....60..180S},
      adsnote = {Provided by the SAO/NASA Astrophysics Data System}
}

@ARTICLE{1955AJ.....60..179S,
       author = {{Smith}, H.~J.},
        title = "{Low-luminosity intrinsic variables with periods less than 0.2 day.}",
      journal = {\aj},
         year = 1955,
        month = jun,
       volume = {60},
        pages = {179},
          doi = {10.1086/107208},
       adsurl = {https://ui.adsabs.harvard.edu/abs/1955AJ.....60..179S},
      adsnote = {Provided by the SAO/NASA Astrophysics Data System}
}

@PHDTHESIS{1955PhDT........80S,
       author = {{Smith}, Harlan James},
        title = "{Some investigations of short-period cluster-type variables}",
       school = {Harvard University, Massachusetts},
         year = 1955,
        month = jan,
       adsurl = {https://ui.adsabs.harvard.edu/abs/1955PhDT........80S},
      adsnote = {Provided by the SAO/NASA Astrophysics Data System}
}

@PHDTHESIS{1955PhDT.........2S,
       author = {{Smith}, Harlan J.},
        title = "{Some Investigations of Short-Period Cluster-Type Variables.}",
     keywords = {Astronomy},
       school = {Harvard University, Massachusetts},
         year = 1955,
        month = jan,
       adsurl = {https://ui.adsabs.harvard.edu/abs/1955PhDT.........2S},
      adsnote = {Provided by the SAO/NASA Astrophysics Data System}
}

@ARTICLE{1955AJ.....60S.179S,
       author = {{Smith}, Harlan J.},
        title = "{Low-luminosity intrinsic variables with periods less than 0.2 day.}",
      journal = {\aj},
         year = 1955,
        month = jan,
       volume = {60},
        pages = {179},
          doi = {10.1086/107170},
       adsurl = {https://ui.adsabs.harvard.edu/abs/1955AJ.....60S.179S},
      adsnote = {Provided by the SAO/NASA Astrophysics Data System}
}

@ARTICLE{1954AJ.....59..156S,
       author = {{Smith}, Harlan J. and {McCrosky}, Richard E.},
        title = "{Night cloud coverage in the southwest with reference to astronomical observing conditions}",
      journal = {\aj},
         year = 1954,
        month = may,
       volume = {59},
        pages = {156},
          doi = {10.1086/106975},
       adsurl = {https://ui.adsabs.harvard.edu/abs/1954AJ.....59..156S},
      adsnote = {Provided by the SAO/NASA Astrophysics Data System}
}

@ARTICLE{1952AJ.....57Q.166S,
       author = {{Smith}, Harlan J. and {McCrosky}, Richard E.},
        title = "{Weather conditions in southwestern U. S. A.: Cloud coverage.}",
      journal = {\aj},
         year = 1952,
        month = apr,
       volume = {57},
        pages = {166},
          doi = {10.1086/106656},
       adsurl = {https://ui.adsabs.harvard.edu/abs/1952AJ.....57Q.166S},
      adsnote = {Provided by the SAO/NASA Astrophysics Data System}
}

@BOOK{1952maas.book.....K,
       author = {{Kameny}, Franklin Edward and {Smith}, Harlan J.},
        title = "{A manual for aluminization at the Agassiz Station of the Harvard College Observatory}",
         year = 1952,
       volume = {2},
       adsurl = {https://ui.adsabs.harvard.edu/abs/1952maas.book.....K},
      adsnote = {Provided by the SAO/NASA Astrophysics Data System}
}

