@article{Douglas1992Harlan,

    journal = {Bulletin of the AAS},
    number = {4},
    note = {https://baas.aas.org/pub/harlan-j-smith-1924-1991},
    publisher = {},
    title = {Harlan J. Smith (1924â€“1991)},
    url = {https://baas.aas.org/pub/harlan-j-smith-1924-1991},
    volume = {24},
    author = {Douglas, James N.},
    date = {1992-09-01},
    year = {1992},
    month = {9},
    day = {1},

}
