%%
%%
%% BooksRead.bib
%%
%%   Books and articles that have been read in conjunction
%%   with the book project "Some Important Books in Astronomy
%%    and Astrophysics in the 20th Century"
%%
%%   Copyright 2008 James R. Fowler
%%
%%   All rights reserved. No part of this publication may be
%%   reproduced, stored in a retrival system, or transmitted
%%   in any form or by any means, electronic, mechanical,
%%   photocopying, recording, or otherwise, without prior written
%%   permission of the author.
%% 
%%  Bibliographic entries are cited by \cite{lastname:year}
%%  and are listed here in alphabetical order by the citation name.
%%
%%  The Note entry lists the subject area and/or the usefulness of 
%%  the book.  The Annote give the data I finshed reading the book.
%%
%% The last known changes were checked in by $Author$
%% as revision $LastChangedRevision$
%% on $Date$
%%
%%
@Book{ evans:1992,
  Author = 	 {Evans, David S.},
  Title = 	 {Lacaille: Astronomer, Traveler},
  Publisher = 	 {Pachart Publishing House},
  Address =      {Tucson},
  Year = 	 {1992},
  Note = 	 {First chapter contains a good history of 18th century
                  astronomy},
  Annote = 	 {20090711}
}

@Book{ willes:2008,
  author =	 {Willes, Margaret},
  title = 	 {Reading Matters: Five centuries of discovering books},
  publisher = 	 {Yale University Press},
  address =      {New Haven},
  year = 	 {2008},
  note =	 {History of reading},
  annote =	 {20090714}
}

@Book{ howse:1989,
  author =       {Howse, Derek},
  title =        {Nevil Maskelyne: A Seaman's Astronomer},
  publisher =    {Cambridge University Press},
  address =      {New York},
  year =         {1982},
  note =         {History of Astronomy},
  annote =       {20090724}
}


@Book{ basbanes:2003,
  author =	 {Basbanes, Nicholas A.},
  title = 	 {A Splendor of Letters: The Permanence of Books in an
Impermanent World},
  publisher = 	 {HarperCollins Books},
  address =      {New York},
  year = 	 {2003},
  note =	 {History of Books},
  annote =	 {20090802}
}

@Book{ petroski:1999,
  author =	 {Petroski, Henry},
  title = 	 {The Book on the Bookshelf},
  publisher = 	 {Alfred A. Knopf},
  address =	 {New York},
  year = 	 {1999},
  note =	 {History of Reading},
  annote =	 {20090813}
}

@Book{ berry:1941,
  author =	 {Berry, Robert Elton},
  title = 	 {Yankee Stargazer: The Life of Nathanial Bowditch},
  publisher = 	 {McGraw-Hill Book Company},
  address =	 {New York},
  year = 	 {1941},
  note =	 {History of Astronomy},
  annote =	 {20090815}
}

@Book{ murdin:1985,
  author =	 {Murdin, Lesley},
  title = 	 {Under Newton's Shadow: Astronomical Practice in the Seventeenth Century},
  publisher = 	 {Adam Hilger, Ltd.},
  address =	 {Bristol, UK},
  year = 	 {1985},
  note =	 {History of Astronomy},
  annote =	 {20091003}
}

@Book{ basebanes:2001,
  author =	 {Basbanes, Nicholas},
  title = 	 {Patience \& Fortitude},
  publisher = 	 {HarperCollins Publishers, Inc},
  address =	 {New York},
  year = 	 {2001},
  note =	 {History of Reading},
  annote =	 {20091016}
}

@Book{ harmon:2007,
  author =	 {Harmon, Joseph E and Alan G. Gross},
  title = 	 {The Scientific Literature},
  publisher = 	 {The University of Chicago Press},
  address =	 {Chicago},
  year = 	 {2007},
  note =	 {History of Science reading and writing},
  annote =	 {20100104}
}

@Book{ thornton:1971,
  author =	 {Thornton, John L and R. I. J. Tully},
  title = 	 {Scientific Books, Libraries, and Collectors},
  publisher = 	 {The Library Association},
  address =      {London},
  year = 	 {1971},
  edition =	 {3},
  note =	 {History of Books and Reading},
  annote =	 {20100206}
}

@Book{ thornton:1978,
  author =	 {Thornton, John L and R. I. J. Tully},
  title = 	 {Scientific Books, Libraries, and Collectors: Suppllement to the 3rd Edition},
  publisher = 	 {The Library Association},
  address =      {London},
  year = 	 {1978},
  edition =	 {1},
  note =	 {History of Books and Reading},
  annote =	 {20100217}
}

@Book{sarton:1952,
  author =	 {Sarton, George},
  title = 	 {Horus, A Guide to the History of Science},
  publisher = 	 {Chronica Botanica Comparty},
  year = 	 {1952},
  address =	 {Waltham, MA},
  edition =	 {},
  note =	 {History of Science},
  annote =	 {20100305}
}

@Book{ harmon:1989,
  author =	 {Harmon, Robert B.},
  title = 	 {Elements of Bibliography: a simplified approach},
  publisher = 	 {Scarecrow Press},
  address =      {Metuchen, NJ},
  year = 	 {1989},
  note =	 {LLC Z1001.H29 DDC 010.44 Introduction to creating various types of bibliographies},
  annote =	 {20100313, Bibliography}
}

@Book{,
  author =	 {},
  title = 	 {},
  publisher = 	 {},
  address =      {},
  year = 	 {},
  edition =	 {},
  note =	 {},
  annote =	 {}
}

