%%
%%
%% BooksNoted.tex
%%
%%   Books and articles that might be of intrest for
%%   the book project "Some Important Books in Astronomy
%%    and Astrophysics in the 20th Century"
%%
%%   Copyright 2009 James R. Fowler
%%
%%   All rights reserved. No part of the publication may be
%%   reproduced, stored in a retrival system, or transmitted
%%   in any form or by any means, electronic, mechanical,
%%   photocopying, recording, or otherwise, without prior written
%%   permission of the author.
%% 
%%  Bibliographic entries are cited by \cite{lastname:year}
%%  and are listed here in alphabetical order by the citation name.
%%
%% The last known changes were checked in by $Author$
%% as revision $LastChangedRevision$
%% on $Date$
%%
%%
@Book{ delambre:1827,
  author =	 {Delambre, J. B. J.},
  title = 	 {Histoire de'l Astronomie au XVIII$^e$ si\`{e}cle},
  publisher = 	 {},
  year = 	 {1827},
  annote =	 {General history of 18th century astronomy}
}


@Book{,
  editor =	 {Barnard, John and D.F. McKenzie},
  title = 	 {The Cambridge History of the Books in Britain},
  publisher = 	 {Cambridge University Press},
  year = 	 {2002},
}


@Book{,
  editor =	 {Amory, Hugh and David D. Hall},
  title = 	 {A History of the Book in America},
  publisher = 	 {},
  year = 	 {2000},
}


@Book{,
  author =	 {Tebbel, John},
  title = 	 {A History of Book Publishing in the United States},
  subtitle =     {The Golden Age between Two Wars, 1920-1940
  publisher = 	 {},
  year = 	 {1971},
  volume =	 {III},
  note = 	 {},
  annote =	 {}
}

