% Encoding: UTF-8
%% Begin copyright
%%
%%  /home/jrf/Documents/books/Books20/Docs/MasterBib.bib
%%  
%%   Part of the Books20 Project
%%
%%   Copyright 2018 James R. Fowler
%%
%%   All rights reserved. No part of this publication may be
%%   reproduced, stored in a retrival system, or transmitted
%%   in any form or by any means, electronic, mechanical,
%%   photocopying, recording, or otherwise, without prior written
%%   permission of the author.
%%
%%
%% End copyright

@Manual{Jabref,
  title = {Jabref},
  author = {JabRef Development Team},
  year = {2016},
  url = {https://www.jabref.org}
}
  
@Book{AFCRL1968,
  title         = {Bibliography of {L}unar and {P}lanetary {R}esearch},
  year          = {1968},
  note          = {no year of publication, UT does not hold first volume},
  publisher     = {Cambridge Research Laboratories, U.S. Air Force},
  __markedentry = {[jrf:6]},
  address       = {Hanscomb, Mass.},
  author        = {AFCRL},
  groups        = {Bibliography, Books Noted},
  lccn          = {QB 581 U524 SUPPL},
  owner         = {jrf},
  timestamp     = {2010.08.01},
}

@Book{Basbanes2001,
  title         = {Patience \& Fortitude},
  year          = {2001},
  note          = {History of Reading},
  publisher     = {HarperCollins Publishers, Inc},
  __markedentry = {[jrf:6]},
  address       = {New York},
  author        = {Basbanes, Nicholas},
  owner         = {jrf},
  read          = {2009.10.16},
  timestamp     = {2010.07.31},
}

@Book{Basbanes2003,
  title         = {A Splendor of Letters: The Permanence of Books in an Impermanent World},
  year          = {2003},
  note          = {History of Books},
  publisher     = {HarperCollins Books},
  __markedentry = {[jrf:6]},
  address       = {New York},
  author        = {Basbanes, Nicholas A.},
  owner         = {jrf},
  read          = {2009.08.02},
  timestamp     = {2010.07.31},
}

@Book{Berry1941,
  title         = {Yankee Stargazer: The Life of Nathanial Bowditch},
  year          = {1941},
  note          = {History of Astronomy},
  publisher     = {McGraw-Hill Book Company},
  __markedentry = {[jrf:6]},
  address       = {New York},
  author        = {Berry, Robert Elton},
  groups        = {History of Astronomy},
  owner         = {jrf},
  read          = {2009.08.15},
  timestamp     = {2010.07.31},
}

@Article{Bertout2010,
  author        = {Bertout, C. and de Boer, K. S. and Meynet, G. and Walmsley, M.},
  title         = {A\&A makes the transition to article numbering},
  journal       = {A\&A},
  year          = {2010},
  pages         = {1},
  url           = {http://dx.doi.org/10.1051/0004-6361/200913865},
  volume        = {509},
  doi           = {10.1051/0004-6361/200913865},
  __markedentry = {[jrf:6]},
  encoding      = {tex},
  owner         = {jrf},
  timestamp     = {2010.11.26},
}

@Book{Booth2008,
  title         = {The Craft of Research},
  year          = {2008},
  edition       = {3},
  publisher     = {University of Chicago Press},
  __markedentry = {[jrf:6]},
  address       = {Chicago},
  author        = {Booth, Wayne C. and Colomb, Gregory G. and Williams, Joseph M.},
  ddcn          = {001.42 B725C},
  lccn          = {Q 180.55 M4 B66 2008},
  owner         = {jrf},
  timestamp     = {2010.08.06},
}

@Book{Bowers1949,
  title         = {Principles of Bibliographic Description},
  year          = {1949},
  publisher     = {Princeton University Press},
  __markedentry = {[jrf:6]},
  annote        = {Available from OakKnoll Books, www.oakknoll.com},
  author        = {Bowers, Fredson},
  ddcn          = {010 B677},
  groups        = {Bibliography, Books Noted},
  lccn          = {Z1001 B78},
  owner         = {jrf},
  timestamp     = {2018.09.03},
}

@Book{Brueck1983,
  title         = {The Story of Astronomy in Edinburgh from its beginnings until 1975},
  year          = {1983},
  isbn          = {0-85224-480-0},
  publisher     = {Edinburgh University Press},
  __markedentry = {[jrf:6]},
  author        = {Hermann A. Br\"{u}ck},
  groups        = {History of Astronomy},
  owner         = {jrf},
  read          = {2016.06.05},
  timestamp     = {2016.06.05},
}

@Book{Brueck2002,
  title         = {Agnes Mary Clerke \& the Rise of Astrophysics},
  year          = {2002},
  publisher     = {Cambridge University Press},
  __markedentry = {[jrf:6]},
  author        = {Mary Br\"{u}ck},
  groups        = {History of Astronomy},
  owner         = {jrf},
  read          = {2012.05.07},
  timestamp     = {2012.09.23},
}

@Book{Burke2000,
  title         = {A Social History of Knowledge: From Gutenburg to Diderot},
  year          = {2000},
  publisher     = {Polity Press},
  __markedentry = {[jrf:6]},
  author        = {Peter Burke},
  ddcn          = {306.4 2 0903},
  lccn          = {BD175.B86 2000},
  owner         = {jrf},
  timestamp     = {2014.04.22},
}

@Book{Cantor1967,
  title         = {How to Study History},
  year          = {1967},
  isbn          = {0882957090},
  edition       = {1},
  publisher     = {AHM Publishing Corporation},
  __markedentry = {[jrf:6]},
  address       = {Arlington Heights, Illinois},
  author        = {Cantor, Norman F. and Schneider, Richard I.},
  owner         = {jrf},
  read          = {2010.08.01},
  timestamp     = {2010.08.01},
}

@TechReport{Carpenter1952-1963,
  author        = {Carpenter, Martha Elizabeth Stahr},
  title         = {Bibliography of Extraterrestrial Radio Emission},
  institution   = {Cornell University, School of Electrical Engineering},
  year          = {1952-1963},
  note          = {includes supplements for 1950-1953},
  __markedentry = {[jrf:6]},
  ddcn          = {016.62138411#C815B#},
  groups        = {Bibliography},
  owner         = {jrf},
  publisher     = {Cornell University},
  timestamp     = {2018.09.03},
}

@Book{Carter1970,
  title         = {Taste and Technique in Book Collecting:},
  year          = {1970},
  publisher     = {Private Libraries Association},
  __markedentry = {[jrf:6]},
  address       = {London},
  author        = {Carter, John},
  ddcn          = {020.75 C323T},
  lccn          = {Z 987 C35 1970},
  owner         = {jrf},
  read          = {2010.03.15},
  timestamp     = {2010.08.01},
}

@Book{Casson2001,
  title         = {Libraries in the Ancient World},
  year          = {2001},
  publisher     = {Yale University Press},
  __markedentry = {[jrf:6]},
  address       = {New Haven},
  author        = {Casson, Lionel},
  groups        = {Books20},
  owner         = {jrf},
  timestamp     = {2010.07.31},
}

@Book{Ceccarelli2013,
  title         = {On The Frontier of Science: An American Rhetoric of Exploration and Exploitation},
  year          = {2013},
  publisher     = {Michigan State University Press},
  __markedentry = {[jrf:6]},
  author        = {Leah Ceccarelli},
  owner         = {jrf},
  read          = {2014.04.05},
  timestamp     = {2014.04.06},
}

@Book{Clerke1903,
  title         = {Problems in Astrophysics},
  year          = {1903},
  publisher     = {Adam \& Charles Black},
  __markedentry = {[jrf:6]},
  address       = {London},
  author        = {Clerke, Agnus M.},
  groups        = {Books20, History of Astronomy},
  owner         = {jrf},
  timestamp     = {2010.07.31},
}

@Book{Clerke1902,
  title         = {A Popular History of Astronomy during the Nineteenth Century},
  year          = {1902},
  publisher     = {Adam and Charles Black},
  __markedentry = {[jrf:6]},
  author        = {Clerke, A. M.},
  groups        = {History of Astronomy},
  owner         = {jrf},
  read          = {2012.02.13},
  timestamp     = {2012.09.23},
}

@Book{Combridge1965,
  title         = {Bibliography of Relativity and Gravitation Theory, 1921-1937},
  year          = {1965},
  publisher     = {King's College},
  __markedentry = {[jrf:6]},
  address       = {London},
  author        = {Combridge, J. T.},
  groups        = {Bibliography},
  lccn          = {QC 173.55 C665},
  owner         = {jrf},
  timestamp     = {2010.08.01},
}

@Other{Cronon2008,
  author        = {Cronon, William},
  title         = {Learning to Do Historical Research},
  year          = {2008},
  url           = {http://williamcronon.net/research/index.htm},
  __markedentry = {[jrf:6]},
  owner         = {jrf},
  timestamp     = {2010.10.19},
}

@Book{Crossley2011,
  title         = {Imaging Mars: A Literary History},
  year          = {2011},
  isbn          = {978-0-8195-6927-1},
  pages         = {384},
  publisher     = {Wesleyan University Press},
  __markedentry = {[jrf:6]},
  author        = {Crossley, Robert},
  groups        = {Books Noted, History of Astronomy},
  owner         = {jrf},
  timestamp     = {2010.12.19},
}

@Book{Danko1985,
  title         = {Black Holes: An Annotated Bibliography 1975-1983},
  year          = {1985},
  isbn          = {0810818361},
  publisher     = {Scarecrow Press},
  __markedentry = {[jrf:6]},
  author        = {Danko, Steven I.},
  ddcn          = {016.523},
  groups        = {Bibliography, Books Noted},
  lccn          = {QB 843 B55 D36 1985},
  owner         = {jrf},
  timestamp     = {2018.09.03},
}

@Book{Davinson1975,
  title         = {Bibliographic Control},
  year          = {1975},
  publisher     = {C. Bingley},
  __markedentry = {[jrf:6]},
  author        = {Davinson, David},
  groups        = {Bibliography, Books Noted},
  lccn          = {Z1001 D23 1975A},
  owner         = {jrf},
  timestamp     = {2018.09.03},
}

@Book{Delambre1827,
  title         = {Histoire de'l Astronomie au XVIII$^e$ si\`{e}cle},
  year          = {1827},
  __markedentry = {[jrf:6]},
  annote        = {General history of 18th century astronomy},
  author        = {Delambre, J. B. J.},
  groups        = {Bibliography, Books Noted},
  owner         = {jrf},
  timestamp     = {2018.09.03},
}

@Book{DeVorkin1982,
  title         = {The History of Modern Astronomy and Astrophysics: A Selected, Annotated Bibliography},
  year          = {1982},
  publisher     = {Garland Publishing, Inc.},
  __markedentry = {[jrf:6]},
  address       = {New York},
  annote        = {A survey of historical publication in astronomy},
  author        = {DeVorkin, David H.},
  ddcn          = {016.52},
  groups        = {Books20, Bibliography},
  lccn          = {Z5154},
  owner         = {jrf},
  timestamp     = {2010.07.31},
}

@Book{Diacu1996,
  title         = {Celestial Encounters; The Orgin of Chaos and Stability},
  year          = {1996},
  publisher     = {Prince},
  __markedentry = {[jrf:6]},
  author        = {{Diacu}, Florin and {Holmes}, Phillip},
  owner         = {jrf},
  read          = {2012.10.20},
  timestamp     = {2012.09.23},
}

@Book{Dibner1955,
  title         = {Heralds of Science},
  year          = {1955},
  publisher     = {Burndy Library and Smithsonian Institution},
  __markedentry = {[jrf:6]},
  author        = {Dibner, Bern},
  groups        = {Books20, Bibliography},
  owner         = {jrf},
  timestamp     = {2010.07.31},
}

@Book{Edmondson1997,
  title         = {AURA and its US National Observatories},
  year          = {1997},
  isbn          = {0-521-55345-8},
  publisher     = {Cambridge University Press},
  __markedentry = {[jrf:6]},
  author        = {Frank K. Edmondson},
  groups        = {History of Astronomy},
  owner         = {jrf},
  read          = {2012.11.27},
  timestamp     = {2012.11.27},
}

@Book{Evans1992,
  title         = {Lacaille: Astronomer, Traveler},
  year          = {1992},
  note          = {First chapter contains a good history of 18th century astronomy},
  publisher     = {Pachart Publishing House},
  __markedentry = {[jrf:6]},
  address       = {Tucson},
  author        = {Evans, David S.},
  groups        = {History of Astronomy},
  owner         = {jrf},
  read          = {2009.07.11},
  timestamp     = {2010.07.31},
}

@Book{Freeburg1970,
  title         = {Bibliography of the Lunar Surface},
  year          = {1970},
  publisher     = {U.S. Dept of Interior, Geological Survey},
  __markedentry = {[jrf:6]},
  address       = {Washington, D.C.},
  author        = {Freeburg, Jacquelyn},
  groups        = {Bibliography},
  lccn          = {QB 581 F74 1970},
  owner         = {jrf},
  timestamp     = {2010.08.01},
}

@Book{Frison1899,
  title         = {Recent Advances in Astronomy},
  year          = {1899},
  publisher     = {Herbert S. Stone},
  __markedentry = {[jrf:6]},
  address       = {Chicago},
  author        = {Frison, Alfred},
  groups        = {Books20},
  owner         = {jrf},
  timestamp     = {2010.07.31},
}

@Book{Gaskell1995,
  title         = {A New Introduction to Bibliography},
  year          = {1995},
  isbn          = {978-1-58456-036-4},
  publisher     = {Oak Knoll Press},
  __markedentry = {[jrf:6]},
  author        = {Philip Gaskell},
  comment       = {reprint with correction 2007 of the first edition of 1972},
  ddcn          = {686.2;09},
  lccn          = {Z116.A2G27 1995},
  owner         = {jrf},
  read          = {2014.11.27},
  timestamp     = {2014.11.27},
}

@Book{Glyer2016,
  title         = {Bandersnatch: C.S. Lewis, J.R.R.Tolkien, and the Creative Collaboration of the Inklings},
  year          = {2016},
  isbn          = {9781606352762},
  publisher     = {Black Squirrel Books},
  __markedentry = {[jrf:6]},
  author        = {Diana Pavlac Glyer},
  comment       = {LCC record 2015036099. A study of the power of groups in collboration},
  ddcn          = {820.9},
  lccn          = {PR478.I54 B59 2016},
  owner         = {jrf},
  read          = {2016.12.11},
  timestamp     = {2016.12.11},
}

@Book{Goodwin2013,
  title         = {The Bully Pulpit: Theodore Roosevelt, William Howard Taft, and the Golden Age of Journalism},
  year          = {2013},
  isbn          = {978-1-4165-4786-0},
  publisher     = {Simon \& Shuster},
  __markedentry = {[jrf:6]},
  address       = {New York},
  author        = {Doris Kearns Goodwin},
  ddcn          = {973.91},
  lccn          = {E757.G66 2013b},
  owner         = {jrf},
  read          = {2014.01.23},
  timestamp     = {2014.01.01},
}

@Book{Gross2002,
  title         = {Communicating Science: The scientific article from the 17th Century to the Present},
  year          = {2002},
  publisher     = {Oxford University Press},
  __markedentry = {[jrf:6]},
  author        = {Gross, Alan G., Joseph E. Harmon and Reidy, Michael},
  groups        = {Books Noted},
  owner         = {jrf},
  timestamp     = {2018.09.03},
}

@Book{Harmon1989,
  title         = {Elements of Bibliography: a simplified approach},
  year          = {1989},
  note          = {Introduction to creating various types of bibliographies},
  publisher     = {Scarecrow Press},
  __markedentry = {[jrf:6]},
  address       = {Metuchen, NJ},
  author        = {Harmon, Robert B.},
  ddcn          = {010.44},
  groups        = {Bibliography},
  lccn          = {Z1001.H29},
  owner         = {jrf},
  read          = {2010.03.13},
  timestamp     = {2010.07.31},
}

@Book{Hobsbawm1996,
  title         = {The Age of Capital},
  year          = {1996},
  isbn          = {978-0-679-77254-5},
  publisher     = {Vintage Books},
  __markedentry = {[jrf:6]},
  author        = {Eric J. Hobsbawm},
  ddcn          = {940.2'8 dc20 96-7766},
  lccn          = {D358.H56 1996},
  owner         = {jrf},
  read          = {2016.05.28},
  timestamp     = {2016.05.28},
}

@Book{Hobsbawm1989,
  title         = {The Age of Empire; 1875-1914},
  year          = {1989)},
  isbn          = {0-679-72175-4},
  publisher     = {Vintage Books},
  __markedentry = {[jrf:6]},
  author        = {Eric J. Hobsbawm},
  ddcn          = {D359.7.H63 1989},
  lccn          = {908.81},
  owner         = {jrf},
  read          = {2016.07.18},
  timestamp     = {2016.07.18},
}

@Book{Hobsbawm1962,
  title         = {The Age of Revolution},
  year          = {1962},
  note          = {I actually read the 1996 Vintage Books reprint ISBN 0-679-77253-7},
  publisher     = {Weidenfeld \& Nicolson},
  __markedentry = {[jrf:6]},
  author        = {Eric J. Hobsbawm},
  ddcn          = {940.2'7},
  lccn          = {D299.H6},
  owner         = {jrf},
  read          = {2015.12.29},
  timestamp     = {2015.12.30},
}

@Book{Holden1881,
  title         = {A Synopsis of the Scientific Writings of Sir William Herschel},
  year          = {1881},
  publisher     = {Govt, Print. Off,},
  __markedentry = {[jrf:6]},
  address       = {Washington D.C.},
  author        = {Holden, William S. and Hastings, Charles S.},
  groups        = {Bibliography, History of Astronomy},
  lccn          = {QB 42 H571 C3},
  owner         = {jrf},
  timestamp     = {2010.08.01},
}

@Book{Houzeau1882,
  title         = {Bibliographie g\'{e}n\'{e}rale de l'astronomie},
  year          = {1882},
  publisher     = {F. Hayez},
  __markedentry = {[jrf:6]},
  address       = {Bruxelles},
  annote        = {In two parts, Vol. 1 1882, 1887, Vol. 2 1889},
  author        = {Houzeau, Jean-Charles and Lancaster, A.(Albert)},
  groups        = {Books20, Bibliography},
  owner         = {jrf},
  timestamp     = {2010.07.31},
}

@Book{Howse1982,
  title         = {Nevil Maskelyne: A Seaman's Astronomer},
  year          = {1982},
  note          = {History of Astronomy},
  publisher     = {Cambridge University Press},
  __markedentry = {[jrf:6]},
  address       = {New York},
  author        = {Howse, Derek},
  groups        = {History of Astronomy},
  owner         = {jrf},
  read          = {2009.07.24},
  timestamp     = {2010.07.31},
}

@Article{Jackson2009,
  author        = {Jackson, John�P.},
  title         = {Joseph�E. Harmon; Alan�G. Gross (Editors). The Scientific Literature: A Guided Tour.},
  journal       = {Isis},
  year          = {2009},
  number        = {4},
  eprint        = {http://www.journals.uchicago.edu/doi/pdf/10.1086/652037},
  pages         = {885-886},
  url           = {http://www.journals.uchicago.edu/doi/abs/10.1086/652037},
  volume        = {100},
  doi           = {10.1086/652037},
  __markedentry = {[jrf:6]},
  annotate      = {a book review of Harmon2007},
  groups        = {Books Noted},
  owner         = {jrf},
  timestamp     = {2010.12.20},
}

@Book{Keller1983,
  title         = {A Feeling for the Organism; The Life and Work of Barbara McClintock},
  year          = {1983},
  publisher     = {W. H. Freeman and Company},
  __markedentry = {[jrf:6]},
  author        = {Keller, Evelyn Fox},
  owner         = {jrf},
  read          = {2012.02.16},
  timestamp     = {2012.09.23},
}

@Book{Kemp1970,
  title         = {Astronomy and Astrophysics: a bibliographical guide},
  year          = {1970},
  publisher     = {MacDonald and Co.},
  __markedentry = {[jrf:6]},
  address       = {London},
  annote        = {DeV:28},
  author        = {Kemp, D. A.},
  groups        = {Books20, Bibliography},
  owner         = {jrf},
  timestamp     = {2010.07.31},
}

@Article{Kragh2010,
  author        = {Kragh, Helge},
  title         = {Tofigh Heidarzadeh. A History of Physical Theories of Comets, from Aristotle to Whipple.},
  journal       = {Isis},
  year          = {2010},
  number        = {1},
  eprint        = {http://www.journals.uchicago.edu/doi/pdf/10.1086/653856},
  pages         = {195-196},
  url           = {http://www.journals.uchicago.edu/doi/abs/10.1086/653856},
  volume        = {101},
  doi           = {10.1086/653856},
  __markedentry = {[jrf:6]},
  comment       = {This article is a book review},
  groups        = {Books Noted},
  owner         = {jrf},
  timestamp     = {2010.12.20},
}

@Book{Kuchowicz1967,
  title         = {The Bibliography of the Neutrino},
  year          = {1967},
  publisher     = {Gordon and Breach},
  __markedentry = {[jrf:6]},
  address       = {New York, London},
  author        = {Kuchowicz, Bronislaw},
  groups        = {Bibliography},
  lccn          = {QC 793.5 N42 K823 1967},
  owner         = {jrf},
  timestamp     = {2010.08.01},
}

@Book{Lalande1803,
  title         = {Bibliographie Astronomique},
  year          = {1803},
  publisher     = {De l'imprimerie de la R\'{e}publique},
  __markedentry = {[jrf:6]},
  address       = {Paris},
  annote        = {Astronomical Literature from 480 B.C. to 1803 AD},
  author        = {de Lalande, J. J.},
  groups        = {Books20, Bibliography},
  owner         = {jrf},
  timestamp     = {2010.07.31},
}

@Book{Lang1978,
  title         = {A Source Book in Astronomy and Astrophysics: 1900-1975},
  year          = {1978},
  publisher     = {Cambridge University Press},
  __markedentry = {[jrf:6]},
  address       = {Cambridge},
  author        = {Lang, K. and Gingerich, Owen},
  groups        = {Books20, History of Astronomy},
  owner         = {jrf},
  timestamp     = {2010.07.31},
}

@Book{Lankford1997,
  title         = {American Astronomy},
  year          = {1997},
  isbn          = {0-226-46886-0},
  publisher     = {The University of Chicago Press},
  __markedentry = {[jrf:6]},
  author        = {Lankford, John},
  ddcn          = {306.4'5 - d20},
  groups        = {Books Noted},
  lccn          = {QB33.U6L36},
  owner         = {jrf},
  read          = {2012.08.13},
  timestamp     = {2010.11.01},
}

@Book{Linton2004,
  title         = {From Eudoxes to Einstein: A History of Mathematical Astronomy},
  year          = {2004},
  isbn          = {0-521-82750-7},
  publisher     = {Cambridge University Press},
  __markedentry = {[jrf:6]},
  author        = {C. M. Linton},
  ddcn          = {520.121 L761F 2004},
  groups        = {History of Astronomy},
  owner         = {jrf},
  read          = {2012.09.22},
  timestamp     = {2012.09.08},
}

@Book{Luther1989,
  title         = {Bibliography of astronomers: books and pamphlets in English by and about astronomers},
  year          = {1989},
  publisher     = {Astronomy Books},
  __markedentry = {[jrf:6]},
  address       = {Benardston, Mass},
  annote        = {History of Astronomy},
  author        = {Luther, Paul},
  groups        = {Bibliography, Books Noted},
  lccn          = {QB 43.2 L875 V1},
  owner         = {jrf},
  timestamp     = {2018.09.03},
}

@Book{Manguel2008,
  title         = {The Library at Night},
  year          = {2008},
  publisher     = {Yale University Press},
  __markedentry = {[jrf:6]},
  address       = {New Haven},
  annote        = {First published in Canada in 2006 by Alfred A.\ Knopf},
  author        = {Manguel, Alberto},
  groups        = {Books20},
  owner         = {jrf},
  timestamp     = {2010.07.31},
}

@Book{Manguel1996,
  title         = {A History of Reading},
  year          = {1996},
  publisher     = {Viking Penguin},
  __markedentry = {[jrf:6]},
  address       = {New York},
  author        = {Manguel, Alberto},
  groups        = {Books20},
  owner         = {jrf},
  timestamp     = {2010.07.31},
}

@Book{Mann2005,
  title         = {The Oxford Guide to Library Research: How to Find Reliable Information Online and Offline},
  year          = {2005},
  edition       = {3},
  publisher     = {Oxford University Press},
  __markedentry = {[jrf:6]},
  address       = {New York},
  author        = {Mann, Thomas},
  lccn          = {Z 710 M23 2005},
  owner         = {jrf},
  timestamp     = {2010.08.06},
}

@Book{Mavrodineanu1967,
  title         = {Bibliography on Flame Spectroscopy, 1800 - 1966},
  year          = {1967},
  number        = {281},
  series        = {National Bureau of Standards miscellaneous publication},
  publisher     = {National Bureau of Standard},
  __markedentry = {[jrf:6]},
  address       = {Washington, DC},
  author        = {Mavrodineanu, Radu},
  ddcn          = {530.8 UN3M},
  groups        = {Bibliography},
  owner         = {jrf},
  timestamp     = {2010.08.03},
}

@Book{Montelle2011,
  title         = {Chasing Shadow: Mathamatics, Astronomy, and the Early History of Eclipse Reckoning},
  year          = {2011},
  isbn          = {9780801896910},
  publisher     = {The Johns Hopkins University Press},
  __markedentry = {[jrf:6]},
  author        = {Montelle, Clementy},
  groups        = {Books Noted, History of Astronomy},
  owner         = {jrf},
  timestamp     = {2010.12.19},
}

@Book{Mumby1974,
  title         = {Publishing and Bookselling; Part 2 1870-1970},
  year          = {1974},
  publisher     = {Cape},
  __markedentry = {[jrf:6]},
  author        = {Mumby, Frank Arthur},
  ddcn          = {655.422 M962P},
  groups        = {Books Noted},
  lccn          = {Z323 M95 1974},
  owner         = {jrf},
  timestamp     = {2018.09.03},
}

@Book{Murdin1985,
  title         = {Under Newton's Shadow: Astronomical Practice in the Seventeenth Century},
  year          = {1985},
  note          = {History of Astronomy},
  publisher     = {Adam Hilger, Ltd.},
  __markedentry = {[jrf:6]},
  address       = {Bristol, UK},
  author        = {Murdin, Lesley},
  groups        = {History of Astronomy},
  owner         = {jrf},
  read          = {2009.10.03},
  timestamp     = {2010.07.31},
}

@Book{Peters1977,
  title         = {Book Collecting: a Modern Guide},
  year          = {1977},
  note          = {pp 97-115, Terry Belanger, Descriptive Biography},
  publisher     = {R.R Bowker Company},
  __markedentry = {[jrf:6]},
  author        = {Peters, Jean},
  groups        = {Books Noted},
  lccn          = {Z987 B68},
  owner         = {jrf},
  timestamp     = {2018.09.03},
}

@Book{Petroski1999,
  title         = {The Book on the Bookshelf},
  year          = {1999},
  note          = {History of Reading},
  publisher     = {Alfred A. Knopf},
  __markedentry = {[jrf:6]},
  address       = {New York},
  author        = {Petroski, Henry},
  owner         = {jrf},
  read          = {2009.08.13},
  timestamp     = {2010.07.31},
}

@Book{Polastron2007,
  title         = {Books on Fire},
  year          = {2007},
  isbn          = {9780500513842},
  publisher     = {Thames and Hudson},
  __markedentry = {[jrf:6]},
  address       = {London},
  author        = {Polastron, Lucien X.},
  owner         = {jrf},
  read          = {2010.06.12},
  timestamp     = {2010.08.01},
}

@Book{Powell1985,
  title         = {Getting into Print: The Decision Making Process in Scholarly Publishing},
  year          = {1985},
  publisher     = {University of Chicago Press},
  __markedentry = {[jrf:6]},
  annote        = {history of publishing},
  author        = {Powell, Woody},
  llcn          = {Z 479 P68 1985},
  owner         = {jrf},
  timestamp     = {2010.08.05},
}

@Book{Rao1976,
  title         = {Bibliography of Infrared Spectroscopy through 1960},
  year          = {1976},
  note          = {MBS Special Publication 428 in three parts},
  publisher     = {U.S. National Bureau of Standards},
  __markedentry = {[jrf:6]},
  address       = {Washington, D.C.},
  author        = {Rao, C. N. R.},
  groups        = {Bibliography},
  lccn          = {QC100 U57},
  owner         = {jrf},
  timestamp     = {2010.08.01},
}

@Book{Sarton1952,
  title         = {Horus, A Guide to the History of Science},
  year          = {1952},
  note          = {History of Science},
  publisher     = {Chronica Botanica Company},
  __markedentry = {[jrf:6]},
  address       = {Waltham, MA},
  author        = {Sarton, George},
  ddcn          = {509 S251G},
  lccn          = {Q124 S24},
  owner         = {jrf},
  read          = {2010.03.05},
  timestamp     = {2010.07.31},
}

@Book{Seal1982,
  title         = {A Bibliography of Astronomy, 1970-1979},
  year          = {1982},
  isbn          = {0872872807},
  publisher     = {Libraries Unlimited},
  __markedentry = {[jrf:6]},
  address       = {Littleton, CO},
  author        = {Seal, Robert A. and Martin, Sarah S.},
  groups        = {Bibliography},
  lccn          = {QB 43.2 S46},
  owner         = {jrf},
  timestamp     = {2010.08.01},
}

@Book{Shapin2010,
  title         = {Never Pure},
  year          = {2010},
  note          = {Sociology of Science, reviewed in Science 330 450 (22 Oct 2010)},
  publisher     = {Johns Hopkins University Press},
  __markedentry = {[jrf:6]},
  author        = {Shapin, Steven},
  groups        = {Books Noted},
  owner         = {jrf},
  timestamp     = {2010.11.06},
}

@Book{Shaviv2009,
  title         = {The Life of Stars: The Controversial Inception and Emergence of the Theory of Stellar Structure},
  year          = {2009},
  isbn          = {978-3-642-02087-2},
  pages         = {504},
  publisher     = {Springer-Verlag},
  __markedentry = {[jrf:6]},
  author        = {Shaviv, Giora},
  comment       = {Phys. Today Nov 2010 48},
  groups        = {History of Astronomy},
  owner         = {jrf},
  timestamp     = {2010.11.25},
}

@Book{Smith1935,
  title         = {Bibliography of Literature on Spectrum Analysis},
  year          = {1935},
  publisher     = {British non-Ferrous Metals Research Association},
  __markedentry = {[jrf:6]},
  address       = {London},
  author        = {Smith, D. M.},
  ddcn          = {016.5446 SM54B},
  groups        = {Bibliography},
  owner         = {jrf},
  timestamp     = {2010.08.01},
}

@Book{SullivanIII2009,
  title         = {Cosmic Noise: A History of Early Radio Astronomy},
  year          = {2009},
  isbn          = {978-0521765244},
  pages         = {574},
  publisher     = {Cambridge University Press},
  __markedentry = {[jrf:6]},
  annote        = {History of Astronomy},
  author        = {Sullivan III, Woodruff T.},
  groups        = {History of Astronomy},
  owner         = {jrf},
  timestamp     = {2018.09.03},
}

@Book{Svenonius2000,
  title         = {The Intellectual Foundation of Information Organization},
  year          = {2000},
  isbn          = {0-262-19433-3},
  publisher     = {The MIT Press},
  __markedentry = {[jrf:6]},
  address       = {Cambridge, MA},
  author        = {Elaine Svenonius},
  ddcn          = {025.3-dc21},
  lccn          = {Z693.S92 2000},
  owner         = {jrf},
  read          = {2015.10.24},
  timestamp     = {2015.10.24},
}

@Book{Tebbel[1972]-1981,
  title         = {A History of Book Publishing in the United States},
  year          = {[1972]-1981},
  note          = {vol 1 The create of an industry 1630-1865, vol II The expansion of an industry 1865-1919, vol III The Golden Age between Two Wars, 1920-1940 vol IV The great change 1940-1980},
  publisher     = {R. R. Bowker Co},
  __markedentry = {[jrf:6]},
  address       = {New York},
  author        = {Tebbel, John William},
  groups        = {Books Noted},
  lccn          = {Z473 T42},
  owner         = {jrf},
  timestamp     = {2018.09.03},
}

@Book{Thompson2010,
  title         = {Merchants of Culture: The Publishing Business in the Twenty-First Century},
  year          = {2010},
  note          = {study of trade publishing from the 1960's till today.},
  isbn          = {978-0-7456-4786-9},
  pages         = {440},
  publisher     = {John Wiley and Sons},
  __markedentry = {[jrf:6]},
  author        = {Thompson, John B.},
  groups        = {Books Noted},
  owner         = {jrf},
  timestamp     = {2010.08.21},
}

@Book{Thornton1978,
  title         = {Scientific Books, Libraries, and Collectors: Supplement to the 3rd Edition},
  year          = {1978},
  note          = {History of Books and Reading},
  edition       = {1},
  publisher     = {The Library Association},
  __markedentry = {[jrf:6]},
  address       = {London},
  author        = {Thornton, John L. and Tully, R. I. J.},
  owner         = {jrf},
  read          = {2010.02.17},
  timestamp     = {2010.07.31},
}

@Book{Thornton1971,
  title         = {Scientific Books, Libraries, and Collectors},
  year          = {1971},
  note          = {History of Books and Reading},
  edition       = {3},
  publisher     = {The Library Association},
  __markedentry = {[jrf:6]},
  address       = {London},
  author        = {Thornton, John L. and Tully, R. I. J.},
  owner         = {jrf},
  read          = {2010.02.06},
  timestamp     = {2010.07.31},
}

@Article{Weiner1971,
  author        = {Weiner, C. and Warnow, J. N.},
  title         = {{Source materials for the recent history of astronomy and astrophysics: A checklist of manuscript collections in the United States.}},
  journal       = {Journal for the History of Astronomy},
  year          = {1971},
  pages         = {210-218},
  volume        = {2},
  __markedentry = {[jrf:6]},
  adsnote       = {Provided by the SAO/NASA Astrophysics Data System},
  adsurl        = {http://adsabs.harvard.edu/abs/1971JHA.....2..210W},
  groups        = {Books20},
  owner         = {jrf},
  timestamp     = {2010.07.31},
}

@Book{Willes2008,
  title         = {Reading Matters: Five centuries of discovering books},
  year          = {2008},
  note          = {History of reading},
  publisher     = {Yale University Press},
  __markedentry = {[jrf:6]},
  address       = {New Haven},
  author        = {Willes, Margaret},
  owner         = {jrf},
  read          = {2009.07.14},
  timestamp     = {2010.07.31},
}

@Book{Abt1972,
  title         = {Bibliography of Stellar Radial Velocities},
  year          = {1972},
  editor        = {Abt, Helmut A. and Biggs, Eleanor S.},
  publisher     = {Kitt Peak National Observatory},
  __markedentry = {[jrf:6]},
  address       = {Tucson, Arizona},
  annote        = {a catalog of radial velocities with references},
  groups        = {Bibliography},
  lccn          = {QB 901.A2},
  owner         = {jrf},
  timestamp     = {2010.08.05},
}

@Book{Boehme1969,
  title         = {Astronomy and {A}strophysics {A}bstracts},
  year          = {1969},
  editor        = {B\"{o}hme, Siegfried},
  publisher     = {Astronomisches Rechen-Institut},
  __markedentry = {[jrf:6]},
  address       = {Heidleberg},
  annote        = {Astronomical literature 1968-2000},
  groups        = {Books20, Bibliography},
  issn          = {0067-0022},
  owner         = {jrf},
  timestamp     = {2010.07.31},
}

@Book{Barnard2002,
  title         = {The Cambridge History of the Books in Britain},
  year          = {2002},
  editor        = {Barnard, John and McKenzie, D. F.},
  publisher     = {Cambridge University Press},
  __markedentry = {[jrf:6]},
  groups        = {Books Noted},
  owner         = {jrf},
  timestamp     = {2018.09.03},
}

@Book{Brown1957,
  title         = {A Bibliography on Meteorites},
  year          = {1957},
  note          = {A chronological bibliography through 1940.},
  editor        = {Brown, Harrison},
  publisher     = {University of Chicago Press},
  __markedentry = {[jrf:6]},
  address       = {Chicago},
  groups        = {Bibliography, Books Noted},
  lccn          = {QB 755 B77},
  owner         = {jrf},
  timestamp     = {2010.08.03},
}

@Book{Gillispie1970,
  title         = {Dictionary of Scientific Biography},
  year          = {1970},
  editor        = {Gillispie, Charles Coulston},
  publisher     = {Scribner's},
  __markedentry = {[jrf:6]},
  address       = {New York},
  groups        = {Books20},
  owner         = {jrf},
  timestamp     = {2010.07.31},
}

@Book{Grattan-Guinness2005,
  title         = {Landmark Writings in Western Mathematics},
  year          = {2005},
  note          = {Find and review. Is this what we are trying to write?},
  isbn          = {9780444508713},
  pages         = {1040},
  editor        = {Grattan-Guinness, Ivor},
  publisher     = {Elsevier Science},
  __markedentry = {[jrf:6]},
  ddcn          = {510.9 22},
  lccn          = {QA21},
  owner         = {jrf},
  timestamp     = {2010.08.15},
}

@Book{Hall2010,
  title         = {A History of the Book in America},
  year          = {2010},
  note          = {this is the 5 volume set},
  isbn          = {978-0-8078-3415-2},
  editor        = {David D. Hall},
  publisher     = {University of North Carolina Press},
  __markedentry = {[jrf:6]},
  address       = {New York},
  groups        = {Books Noted},
  lccn          = {Z 473 H57 2000},
  owner         = {jrf},
  timestamp     = {2018.09.03},
}

@Book{Hockey2007,
  title         = {The Biographical Encyclopdia of Astronomers},
  year          = {2007},
  editor        = {Hockey, Thomas},
  publisher     = {Springer-Verlag},
  __markedentry = {[jrf:6]},
  address       = {New York},
  groups        = {Books20, Bibliography},
  owner         = {jrf},
  timestamp     = {2010.07.31},
}

@Book{Shapley1960,
  title         = {Source Book in Astronomy: 1900-1950},
  year          = {1960},
  editor        = {Shapley, Harlow},
  publisher     = {Harvard University Press},
  __markedentry = {[jrf:6]},
  address       = {Cambridge},
  groups        = {Books20},
  owner         = {jrf},
  timestamp     = {2010.07.31},
}

@Book{Wislicenus,
  title         = {Astronomisher Jahresbericht},
  editor        = {Wislicenus, Walter F.},
  publisher     = {Georg Reimer},
  __markedentry = {[jrf:6]},
  annote        = {Astronomical literature 1899---1967},
  groups        = {Books20, Bibliography},
  owner         = {jrf},
  timestamp     = {2010.07.31},
}

@Book{Sandage2004,
  title         = {The Mount Wilson Observatory},
  year          = {2004},
  pagetotal     = {664},
  isbn          = {0-521-83078-8},
  volume        = {1},
  series        = {The Centennial History of the Carnegie Institution of Washington},
  publisher     = {Cambridge University Press},
  __markedentry = {[jrf:6]},
  author        = {Allan Sandage},
  ddcn          = {507.2073-dc22},
  ean           = {9780521830782},
  groups        = {History of Astronomy},
  lccn          = {Q179.9.C45 2004},
  owner         = {jrf},
  read          = {2017.05.01},
  timestamp     = {2017.04.09},
}

@Book{Hobsbawm1994,
  title         = {The Age of Extremes: A History of the World, 1914-1991},
  year          = {1994},
  date          = {1996-02-11},
  pagetotal     = {672},
  isbn          = {0-67973005-2},
  url           = {http://www.ebook.de/de/product/3304870/eric_hobsbawm_the_age_of_extremes_a_history_of_the_world_1914_1991.html},
  publisher     = {Vintage Books},
  __markedentry = {[jrf:6]},
  author        = {Eric J. Hobsbawm},
  ddcn          = {909.82 - dc20},
  ean           = {9780679730057},
  lccn          = {D421.H582 1995},
  owner         = {jrf},
  read          = {2017.01.07},
  timestamp     = {2017.04.22},
}

@Book{Harwit1981,
  title         = {Cosmic Discovery},
  year          = {1981},
  isbn          = {0-465-01428-3},
  publisher     = {Basic Books},
  __markedentry = {[jrf:6]},
  author        = {Martin Harwit},
  ddcn          = {520},
  lccn          = {QB43.2.H37},
  owner         = {jrf},
  read          = {2017.08.20},
  timestamp     = {2017.08.20},
}

@Book{Weiner2016,
  title         = {The Geography of Genius: A Search for the World's Most Creative Places from Ancient Athens to Silicon Valley},
  year          = {2016},
  date          = {2016-01-05},
  pagetotal     = {368},
  isbn          = {9781451691658},
  url           = {http://www.ebook.de/de/product/23899606/eric_weiner_the_geography_of_genius_a_search_for_the_world_s_most_creative_places_from_ancient_athens_to_silicon_valley.html},
  publisher     = {SIMON \& SCHUSTER},
  __markedentry = {[jrf:6]},
  author        = {Weiner, Eric},
  ean           = {9781451691658},
  owner         = {jrf},
  read          = {2017.08.27},
  timestamp     = {2017.08.27},
}

@Book{Hochschild2012,
  title         = {To End All Wars: A Story of Loyalty and Rebellion, 1914-1918},
  year          = {2012},
  date          = {2012-03-11},
  pagetotal     = {496},
  isbn          = {978-0-547-75031-6},
  url           = {http://www.ebook.de/de/product/16213649/adam_hochschild_to_end_all_wars_a_story_of_loyalty_and_rebellion_1914_1918.html},
  publisher     = {Houghton Mifflin},
  __markedentry = {[jrf:6]},
  author        = {Hochschild, Adam},
  ean           = {9780547750316},
  owner         = {jrf},
  read          = {2017.10.01},
  timestamp     = {2017.10.02},
}

@Book{Perryman2010,
  title         = {The Making of History's Greatest Star Map},
  year          = {2010},
  date          = {2010-04-01},
  isbn          = {978-3-642-11601-8},
  url           = {http://www.ebook.de/de/product/9573593/michael_perryman_the_making_of_history_s_greatest_star_map.html},
  publisher     = {Springer-Verlag GmbH},
  __markedentry = {[jrf:6]},
  author        = {Perryman, Michael},
  ean           = {9783642116018},
  groups        = {History of Astronomy},
  owner         = {jrf},
  read          = {2017.11.06},
  timestamp     = {2017.11.06},
}

@Book{Perryman2009,
  title         = {Astronomical Applications of Astrometry: Ten Years of Exploitation of the Hipparcos Satellite Data},
  year          = {2009},
  date          = {2009-01-11},
  pagetotal     = {692},
  isbn          = {978-0-521-51489-7},
  url           = {http://www.ebook.de/de/product/7780115/michael_perryman_astronomical_applications_of_astrometry_ten_years_of_exploitation_of_the_hipparcos_satellite_data.html},
  publisher     = {CAMBRIDGE UNIV PR},
  __markedentry = {[jrf:6]},
  author        = {Perryman, Michael},
  ean           = {9780521514897},
  groups        = {History of Astronomy},
  owner         = {jrf},
  read          = {2017.12.05},
  timestamp     = {2017.12.07},
}

@Book{Brown2014,
  title         = {Centennial History of the Carnegie Institution of Washington: Volume 2, the Department of Terrestrial Magnetism},
  year          = {2014},
  date          = {2014-07-10},
  pagetotal     = {314},
  isbn          = {9780521830799},
  url           = {http://www.ebook.de/de/product/3876897/louis_brown_centennial_history_of_the_carnegie_institution_of_washington_volume_2_the_department_of_terrestrial_magnetism.html},
  publisher     = {CAMBRIDGE UNIV PR},
  __markedentry = {[jrf:6]},
  author        = {Brown, Louis},
  ean           = {9780521830799},
  owner         = {jrf},
  read          = {2017.12.07},
  timestamp     = {2017.12.07},
}

@Book{McGann2014,
  title         = {A New Republic of Letters},
  year          = {2014},
  date          = {2014-03-14},
  pagetotal     = {226},
  isbn          = {9780674728691},
  url           = {http://www.ebook.de/de/product/21683810/jerome_j_mcgann_a_new_republic_of_letters.html},
  publisher     = {Harvard Graduate School of Design},
  __markedentry = {[jrf:6]},
  author        = {McGann, Jerome J.},
  ddcn          = {001.3-dc23},
  ean           = {9780674728691},
  lccn          = {AZ186.M35 2014},
  owner         = {jrf},
  read          = {2017.12.29},
  timestamp     = {2017.12.29},
}

@Book{Sobel2016,
  title         = {The Glass Universe},
  year          = {2016},
  date          = {2016-12-06},
  pagetotal     = {336},
  isbn          = {9780670016952},
  url           = {http://www.ebook.de/de/product/25887942/dava_sobel_the_glass_universe.html},
  publisher     = {Penguin LCC US},
  __markedentry = {[jrf:6]},
  author        = {Sobel, Dava},
  ean           = {9780670016952},
  groups        = {History of Astronomy},
  owner         = {jrf},
  read          = {2018.01.07},
  timestamp     = {2018.01.07},
}

@Book{Roberts2015,
  title         = {Genius At Play: The Curious Mind of John Horton Conway},
  year          = {2015},
  isbn          = {9781620405932},
  url           = {https://www.amazon.com/Genius-At-Play-Curious-Horton/dp/1620405938?SubscriptionId=0JYN1NVW651KCA56C102&tag=techkie-20&linkCode=xm2&camp=2025&creative=165953&creativeASIN=1620405938},
  publisher     = {Bloomsbury USA},
  __markedentry = {[jrf:6]},
  author        = {Siobhan Roberts},
  owner         = {jrf},
  read          = {2018.01.10},
  timestamp     = {2018.02.04},
}

@Book{Grier2013,
  title         = {When Computers Were Human},
  year          = {2013},
  isbn          = {9780691091570},
  url           = {https://www.amazon.com/When-Computers-Human-David-Grier-ebook/dp/B00FH8B2D4?SubscriptionId=0JYN1NVW651KCA56C102&tag=techkie-20&linkCode=xm2&camp=2025&creative=165953&creativeASIN=B00FH8B2D4},
  publisher     = {Princeton University Press},
  __markedentry = {[jrf:6]},
  author        = {David Alan Grier},
  owner         = {jrf},
  read          = {2018.02.11},
  timestamp     = {2018.02.11},
}

@Book{Holt2016,
  title         = {Rise of the Rocket Girls: The Women Who Propelled Us, from Missiles to the Moon to Mars},
  year          = {2016},
  isbn          = {9780316338929},
  url           = {https://www.amazon.com/Rise-Rocket-Girls-Propelled-Missiles/dp/0316338923?SubscriptionId=0JYN1NVW651KCA56C102&tag=techkie-20&linkCode=xm2&camp=2025&creative=165953&creativeASIN=0316338923},
  publisher     = {Little, Brown and Company},
  __markedentry = {[jrf:6]},
  author        = {Nathalia Holt},
  owner         = {jrf},
  read          = {2018.03.11},
  timestamp     = {2018.03.11},
}

@Book{Donoghue1998,
  title         = {The Practice of Reading},
  year          = {1998},
  isbn          = {9780300074666},
  url           = {https://www.amazon.com/Practice-Reading-Professor-Denis-Donoghue/dp/0300074662?SubscriptionId=0JYN1NVW651KCA56C102&tag=techkie-20&linkCode=xm2&camp=2025&creative=165953&creativeASIN=0300074662},
  publisher     = {Yale University Press},
  __markedentry = {[jrf:6]},
  author        = {Denis Donoghue},
  owner         = {jrf},
  read          = {2018.04.29},
  timestamp     = {2018.05.05},
}

@Book{Harmon2007,
  title     = {The Scientific Literature: A Guided Tour},
  year      = {2007},
  date      = {2010-01-01},
  isbn      = {978-0-226-31655-0},
  edition   = {1},
  editor    = {Harmon, Joseph E. and Gross, Alan G.},
  url       = {https://www.amazon.com/Scientific-Literature-Guided-Tour/dp/0226316556?SubscriptionId=AKIAIOBINVZYXZQZ2U3A&tag=chimbori05-20&linkCode=xm2&camp=2025&creative=165953&creativeASIN=0226316556},
  subtitle  = {A Guided Tour},
  publisher = {University of Chicago Press},
  groups    = {Bibliography},
  owner     = {jrf},
  read      = {2010.01.04},
  timestamp = {2010.07.31},
}

@Book{Sarkowski1996,
  title     = {Springer-Verlag: History of a Scientific Publishing House},
  year      = {1996},
  isbn      = {3-540-61744-2},
  url       = {https://www.amazon.com/Springer-Verlag-History-Scientific-Publishing-House/dp/B0027WPHUM?SubscriptionId=AKIAIOBINVZYXZQZ2U3A&tag=chimbori05-20&linkCode=xm2&camp=2025&creative=165953&creativeASIN=B0027WPHUM},
  publisher = {Springer Verlag},
  author    = {Heinz Sarkowski},
  owner     = {jrf},
  timestamp = {2018.11.18},
}

@Book{Shetterly2016,
  title     = {Hidden Figures: The American Dream and the Untold Story of the Black Women Mathematicians Who Helped Win the Space Race},
  year      = {2016},
  date      = {2016-09-06},
  pagetotal = {368},
  isbn      = {978-0-06-236359-6},
  url       = {https://www.ebook.de/de/product/25236973/margot_lee_shetterly_hidden_figures_the_american_dream_and_the_untold_story_of_the_black_women_mathematicians_who_helped_win_the_space_race.html},
  publisher = {WILLIAM MORROW},
  author    = {Shetterly, Margot Lee},
  ean       = {9780062363596},
  owner     = {jrf},
  read      = {2018.12.31},
  timestamp = {2018.12.31},
}

@Book{Manning2014,
  title     = {When Books Went to War},
  year      = {2014},
  note      = {History of Reading},
  isbn      = {9780544535022},
  pages     = {267},
  subtitle  = {The Stories that Helped us win World War II},
  publisher = {Houghton Mifflin Harcourt},
  author    = {Manning, Molly Guptill},
  read      = {2019.06.17},
}

@Book{Magueijo2009,
  title     = {A Brilliant Darkness},
  year      = {2009},
  date      = {2009-11-24},
  pagetotal = {304},
  isbn      = {9780465009039},
  url       = {https://www.ebook.de/de/product/7360790/joao_magueijo_a_brilliant_darkness.html},
  publisher = {INGRAM PUBLISHER SERVICES US},
  author    = {Magueijo, Joao},
  ean       = {9780465009039},
  groups    = {History of Physics},
  read      = {2019.09.14},
}

@Comment{jabref-meta: databaseType:biblatex;}

@Comment{jabref-meta: grouping:
0 AllEntriesGroup:;
1 StaticGroup:Books20\;0\;1\;\;\;\;;
1 StaticGroup:Bibliography\;0\;1\;\;\;\;;
1 StaticGroup:Books Noted\;0\;1\;\;\;\;;
1 KeywordGroup:Books Read\;0\;Read\;20*.*.*\;0\;1\;1\;\;\;Books I have read during the Books20 process\;;
1 StaticGroup:History of Astronomy\;0\;1\;\;\;\;;
}
